1525 2530
590 240 800 272 ..11-

160 327 252 358 -67,
276 327 347 359 208.
378 325 564 364 267-271;
596 326 757 366 expressis
789 325 894 357 verbis
926 325 958 357 id
989 326 1080 357 docet
1111 328 1129 363 ξ
1153 324 1227 363 59);

160 382 234 414 item
252 382 487 414 collocationem
504 381 669 413 verborum
687 382 719 420 (ξ
740 382 807 419 139,
831 381 868 413 cf.
887 381 937 413 50.
957 381 1044 421 249).
1062 400 1101 404 —
1120 380 1228 419 Neque

161 441 263 469 tamen
289 442 373 470 recte
395 438 485 470 Liers
509 438 695 469 brevitatem
731 438 840 475 addit,
873 447 954 477 quae
986 441 1021 468 ut
1051 438 1082 468 in
1115 446 1229 476 genere

159 498 291 526 venusto
313 494 351 534 ἐξ
370 494 428 525 137
453 503 527 534 seq.,
551 494 597 525 ita
620 494 715 525 etiam
740 494 770 525 in
788 503 902 533 genere
925 492 1052 525 sublimi
1076 494 1094 533 ,ξ
1114 493 1172 524 103
1196 493 1226 524 111

160 550 297 582 dictione
320 554 590 581 commemoratur.

245 606 275 645 0)
299 605 386 637 Idem
411 616 439 645 p.
456 606 520 637 692
542 609 648 637 monet
664 614 769 637 vocem
793 602 966 646 γλαφυρός,
990 613 1084 644 quam
1109 604 1226 635 iustum

162 671 273 693 nomen
297 662 421 701 generis
453 661 578 693 venusti
601 671 671 693 esse
694 671 711 693 e
734 662 771 701 ἐξ
788 660 828 691 36
852 664 884 692 et
909 661 969 692 128
993 669 1229 700 cognoscamus,

161 718 192 749 in
216 718 255 750 iis
278 721 401 757 septem
425 718 473 757 ἐξ,
496 727 576 757 quae
599 717 664 749 sint
688 718 727 749 de
750 717 976 757 compositione
1004 720 1146 754 venusta,
1171 716 1228 747 tri-

160 774 219 806 bus
242 774 351 814 (immo
374 773 540 813 quattuor)
574 773 651 805 locis
685 778 808 811 extare;
840 773 952 811 iniis,
984 781 1066 812 quae
1098 771 1164 803 sint
1187 772 1227 803 de

160 829 254 862 rebus
278 833 310 860 et
333 830 471 861 dictione
494 829 576 861 hanc
599 838 703 861 vocem
737 838 868 869 perraro
891 828 1037 860 adhiberi
1060 828 1105 867 (in
1129 838 1167 859 ea
1190 828 1230 859 de

161 895 223 926 qua
246 894 328 917 nunc
351 895 411 926 ago
435 888 527 925 parte
559 894 619 916 non
644 885 705 917 nisi
738 888 775 925 ἕξ
794 885 854 917 128
878 889 910 916 et
936 885 995 917 138
1019 884 1136 924 extat),
1159 894 1228 916 sae—

162 942 294 982 pissime
316 945 422 973 autem
446 941 513 973 eius
536 941 604 973 loco
627 950 733 973 vocem
756 938 858 981 χάρις.

247 998 282 1037 (1)
305 997 459 1029 Demetrii
493 997 618 1029 libellus
652 998 691 1028 de
724 997 792 1028 sola
824 997 967 1028 oratione
998 995 1141 1036 pedestri
1166 999 1229 1034 est;

161 1054 270 1093 itaque
302 1054 430 1093 saepius
454 1053 635 1084 Demetrius
668 1053 770 1085 modis
800 1052 989 1092 quibusdam
1024 1052 1150 1084 dicendi
1183 1051 1230 1083 uti

161 1110 335 1148 dissuadet,
359 1110 435 1149 quia
457 1110 488 1140 iu
505 1110 661 1149 poeticam
686 1113 810 1140 tantum
828 1109 1003 1140 orationem
1028 1108 1226 1146 conveniant,

162 1175 222 1197 non
246 1166 277 1197 in
300 1166 490 1205 pedestrem.
541 1166 583 1196 At
606 1165 636 1196 in
661 1165 720 1197 hac
742 1168 835 1204 parte
858 1164 956 1196 libelli
981 1174 1030 1195 res
1053 1163 1149 1195 aliter
1171 1164 1227 1195 ha-

164 1221 232 1253 bet:
262 1221 334 1261 plus
359 1221 454 1253 semel
478 1221 634 1253 dictiones
664 1221 816 1261 poeticae,
848 1221 886 1252 ab
919 1221 1062 1252 oratione
1084 1220 1228 1260 pedestri

162 1277 380 1315 abhorrentes,
403 1280 690 1309 commemorantur
712 1286 814 1316 neque
844 1286 917 1308 vero
940 1277 979 1308 ab
1004 1276 1043 1308 iis
1067 1276 1227 1308 abstinen-

162 1334 236 1365 dum
260 1342 330 1365 esse
353 1333 490 1373 scriptor
507 1333 614 1371 docet;
639 1337 674 1364 ut
697 1333 728 1364 in
753 1333 790 1373 ἓξ
810 1333 870 1365 146
886 1342 960 1372 seq.,
984 1342 1064 1372 quas
1087 1341 1157 1364 cum
1179 1332 1229 1363 89.

161 1389 212 1427 90,
235 1393 268 1421 et
290 1389 322 1420 in
349 1389 419 1427 143,
451 1398 544 1428 quam
576 1398 646 1420 cuin
671 1390 707 1420 91
735 1388 886 1420 conferas.
933 1388 1030 1420 Cuius
1065 1388 1110 1419 rei
1134 1397 1230 1420 causa

161 1445 248 1477 haud
271 1445 367 1476 dubie
390 1454 427 1476 ea
449 1449 508 1483 est,
531 1445 615 1484 quod
631 1449 751 1482 auctor,
775 1455 811 1476 ex
835 1454 896 1485 quo
912 1445 990 1476 haec
1014 1454 1089 1484 pars
1112 1444 1229 1476 hausta

162 1506 220 1540 est,
243 1501 422 1533 venustatis
446 1501 589 1541 poeticae
618 1510 679 1532 non
703 1502 806 1532 minus
829 1511 922 1541 quam
946 1500 1105 1540 pedestris
1129 1499 1227 1531 ratio-

162 1567 233 1589 nem
256 1557 378 1589 habuit.

248 1613 307 1644 111.
352 1612 443 1644 Hanc
473 1618 597 1652 partem
630 1613 793 1652 excipiunt
824 1613 862 1653 ἕξ
887 1612 1084 1651 163-169,
1116 1611 1230 1651 quibus

162 1670 400 1702 demonstratur
423 1678 505 1708 quae
528 1669 592 1700 sint
616 1669 800 1700 discrimina
833 1669 918 1700 inter
948 1667 985 1699 τὸ
1008 1664 1114 1709 εὔχαρι
1139 1671 1170 1699 et
1192 1666 1230 1697 τὸ

162 1724 296 1766 γελοῖον.
349 1724 419 1756 Hae
451 1724 489 1764 ἕξ
512 1729 544 1756 et
575 1725 665 1764 ipsae
696 1734 732 1756 ex
764 1724 871 1764 aliquo
902 1724 983 1755 libro
1016 1723 1231 1763 Peripatetico

162 1781 310 1813 videntur
333 1780 468 1812 haustae
484 1789 562 1818 esse,
587 1790 687 1820 neque
704 1790 778 1812 vero
801 1789 838 1811 ex
855 1780 964 1811 eodem
981 1789 1018 1811 ac
1043 1779 1230 1817 128—1623

162 1837 193 1868 in
217 1836 281 1868 illis
304 1836 386 1868 enim
410 1833 426 1878 ᾗ
449 1834 543 1877 χάρις
566 1841 598 1868 et
623 1834 657 1866 τὸ
680 1835 806 1876 γελοῖον
829 1841 865 1867 ut
888 1836 1049 1867 contraria
1064 1845 1230 1875 opponun-

162 1896 224 1932 tur,
247 1893 278 1924 in
302 1892 352 1924 his
369 1891 537 1924 ridiculum
562 1901 638 1932 pars
655 1891 757 1924 altera
773 1892 950 1924 venustatis
967 1895 1026 1931 est,
1050 1890 1088 1923 cf.
1105 1892 1143 1932 ἓξ
1157 1892 1229 1923 128.

164 1950 236 1981 151.
261 1949 331 1980 161.
357 1948 428 1981 162.
450 1967 492 1971 -
516 1948 739 1988 Paragraphos
758 1948 926 1980 170—172
949 1957 986 1979 ex
1009 1947 1118 1980 eodem
1142 1947 1229 1979 fonte

162 2005 298 2036 haustas
321 2014 390 2036 esse
413 2014 450 2036 ac
476 2005 644 2037 163—169
668 2005 735 2036 veri
758 2004 952 2036 simillimum
976 2008 1034 2036 est.

247 2060 299 2092 IV.
346 2060 527 2101 Sequuntur
549 2062 587 2102 ἕξ
606 2060 782 2099 113—175,
815 2070 897 2101 quae
930 2065 1004 2092 sunt
1036 2060 1076 2092 de
1099 2059 1229 2092 vocibus
