1525 2530
251 761 349 808 Inter
372 777 452 807 artis
477 776 655 808 rhetoricae
678 780 796 816 partes,
828 780 983 816 quotquot
1012 776 1155 808 rhetores
1180 786 1230 808 ve-

165 837 248 863 teres
266 836 495 871 tractaverunt,
520 833 560 863 ad
586 842 642 863 nos
666 833 801 863 maxime
817 832 956 872 pertinet
979 836 1011 864 et
1035 833 1065 864 in
1089 842 1151 872 qua
1175 842 1231 864 nos

164 897 288 928 quoquc
311 898 439 928 operam
464 894 493 919 et
519 889 658 919 studium
690 888 877 920 collocemus
901 889 1090 929 dignissima
1119 893 1169 920 est
1195 899 1232 920 ea

164 952 245 983 quae
277 948 326 975 est
358 945 397 975 de
420 944 589 984 generibus
614 944 809 976 elocutionis.
856 944 902 975 Ex
934 945 974 976 iis
1005 949 1120 983 autem,
1151 954 1232 984 quae

165 999 224 1031 hac
247 1000 286 1031 de
311 1010 344 1031 re
368 1000 511 1031 rhetores
529 1000 796 1040 conscripserunt,
821 1010 880 1031 non
906 1000 1007 1032 multa
1029 1001 1126 1032 etiam
1150 1009 1232 1032 nunc

165 1059 284 1087 extant.
331 1056 399 1093 Quo
416 1056 517 1096 pluris
541 1056 567 1087 is
591 1056 716 1088 libellus
734 1056 898 1088 habendus
922 1060 980 1095 est,
1004 1056 1053 1088 cui
1077 1056 1107 1086 in
1125 1055 1232 1087 codice

166 1112 389 1151 antiquissimo
420 1112 471 1149 (ex
506 1121 567 1152 quo
600 1117 704 1144 cetera
736 1112 931 1152 exemplaria
962 1112 1066 1143 omnia
1103 1111 1232 1143 fluxisse

166 1169 306 1207 constat)
340 1167 417 1199 haec
451 1172 526 1199 sunt
559 1168 792 1208 superscripta:
831 1166 1018 1209 Δημητριόυ
1058 1166 1231 1208 Φαληρέως

167 1222 241 1265 κιερὶ
267 1221 442 1265 ἑρμηνείας,
476 1220 494 1252 δ’
517 1222 584 1254 ἐστι
618 1222 692 1264 :ispi
723 1221 889 1265 φράσεως,
923 1224 1102 1263 subscripta
1125 1226 1230 1255 autem

165 1279 259 1311 haec:
284 1277 470 1320 Arm-coim-
494 1278 569 1319 :1892
594 1276 763 1320 ὲρμῃιέιάς
787 1279 930 1319 (Rhetor.
949 1279 1058 1311 Graec.
1076 1280 1125 1311 ed.
1143 1279 1231 1310 Walz

165 1336 209 1366 IX
233 1345 284 1375 pp.
313 1337 325 1366 1
361 1344 457 1375 seqq,
488 1335 617 1366 Rhetor.
643 1334 752 1367 Graec.
778 1336 825 1366 ed.
852 1335 987 1375 Spengel
1019 1335 1066 1366 111
1100 1345 1152 1375 pp.
1169 1335 1231 1366 259

163 1392 282 1431 seqq.);
315 1400 376 1431 quo
399 1400 516 1431 genera
539 1391 725 1422 elocutionis
749 1392 874 1431 copiose
901 1396 933 1422 et
956 1390 1066 1423 subtili
1090 1401 1158 1423 cum
1183 1391 1230 1422 iu-

164 1447 246 1478 dicio
268 1456 447 1487 magnaque
478 1447 638 1486 elegantia
668 1450 858 1478 tractantur.
905 1446 962 1479 Cui
994 1451 1098 1478 autem
1132 1447 1230 1478 aetati

163 1502 214 1534 hic
236 1502 362 1534 libellus
378 1502 608 1534 adscribendus
632 1503 675 1534 sit
700 1521 740 1525 -
763 1512 844 1542 quae
860 1512 910 1534 res
935 1512 1004 1534 cum
1029 1503 1154 1534 omnino
1169 1513 1230 1534 non

165 1558 360 1598 neglegenda
384 1563 442 1597 est,
467 1564 531 1590 tum
555 1559 723 1598 plurimum
748 1559 833 1590 valet
858 1560 898 1590 ad
923 1559 1089 1591 historiam
1113 1559 1230 1590 doctri-

164 1624 275 1646 narum
300 1615 341 1646 ad
365 1624 481 1655 genera
505 1615 629 1646 dicendi
662 1615 888 1655 pertinentium
914 1616 1161 1655 cognoscendam
1190 1633 1231 1638 -—

163 1680 182 1701 a
205 1670 291 1701 nullo
313 1670 418 1702 adhuc
442 1671 537 1702 certis
562 1671 759 1710 argumentis
781 1671 1034 1703 demonstratum
1058 1675 1108 1703 est
1130 1680 1232 1711 neque

164 1726 247 1758 inter
263 1727 346 1758 viros
364 1728 473 1759 doctos
491 1732 625 1758 constat.
664 1727 768 1766 Atque
791 1727 869 1758 illud
886 1727 1012 1766 quidem
1030 1727 1091 1758 iam
1105 1727 1229 1767 pridem

163 1783 322 1822 cognitum
355 1787 403 1814 est
434 1782 533 1814 libelli
558 1788 718 1814 auctorem
749 1782 848 1814 fuisse
871 1792 931 1814 non
956 1782 1144 1815 Phalereum
1168 1783 1229 1815 De-

163 1839 321 1878 metrium,
353 1839 409 1870 sed
434 1839 648 1879 cognominem
673 1839 830 1878 quendam
864 1839 949 1870 illius
973 1843 1080 1871 aetate
1102 1839 1229 1871 inferio-

165 1904 239 1933 rem,
273 1895 402 1926 verbum
433 1894 607 1935 Φαληρέως
631 1900 752 1934 autem,
786 1896 869 1934 quod
902 1899 990 1926 extat
1020 1895 1103 1927 inter
1134 1895 1231 1927 verba

164 1950 272 1982 libello
295 1951 524 1991 superscripta,
555 1951 595 1982 ab
620 1951 725 1991 aliquo
749 1951 854 1982 scriba
877 1951 958 1983 male
982 1951 1127 1983 additum
1151 1961 1229 1983 esse.

166 2008 269 2046 Atque
300 2007 353 2038 diu
377 2007 503 2046 quidem
529 2007 724 2038 Demetrium
757 2011 863 2038 aetate
886 2011 942 2039 aut
967 2007 1117 2048 Dionysio
1141 2008 1228 2038 Hali-

1010 2063 1021 2088 l
