1525 2530
678 226 885 257 „28-

247 315 296 344 cet
325 312 420 344 etiam
446 312 492 344 De
524 321 623 352 comp.
657 311 741 344 verb.
765 322 808 343 ce.
833 311 984 351 21-24.)
1029 311 1097 343 Hac
1127 312 1166 344 (lc
1198 322 1233 344 re
1255 312 1308 352 qui

246 367 350 399 adhue
373 367 569 407 scripserunt
591 376 700 399 omnes
724 371 918 407 putaverunt
942 367 1083 407 Dionysii
1104 368 1307 409 χιιρακτῇρας

248 424 300 464 ιῇς
323 421 441 461 λέξεως
463 424 504 454 ad
521 423 728 455 elocutionem
752 424 932 455 universam
949 423 1119 463 pertinere.
1165 423 1227 455 Sed
1250 423 1308 455 mi-

246 479 378 510 randum
402 483 487 510 esset
510 479 695 518 Dionysium
719 479 808 518 prius
831 480 871 511 de
888 478 1110 511 Demosthenis
1132 478 1309 511 elocutione

247 535 393 566 universa
425 534 626 573 disseruisse,
659 534 773 566 deinde
803 534 843 566 de
875 535 942 566 eius
975 535 1202 574 compositione
1225 534 1308 573 sola;

246 590 341 622 etiam
366 590 467 630 magis
483 590 660 621 mirandum
685 599 756 622 eum
780 590 969 622 elocutionis
989 590 1155 623 universae
1178 599 1308 630 prorsus

245 645 308 677 alia
331 656 448 686 genera
472 646 648 678 instituisse
671 655 708 678 ac
727 647 976 686 compositionis,
999 655 1080 687 quae
1103 647 1133 678 in
1158 645 1213 678 illa
1235 655 1308 678 con-

247 703 373 734 tinetur.
428 702 579 741 (Operam
611 702 819 741 perdiderunt
842 702 1020 734 Volkmann
1055 701 1128 734 edit.
1153 702 1167 734 1
1190 711 1219 742 p.
1236 701 1308 741 460,

246 758 321 790 editi
341 758 370 788 11
388 768 416 797 p.
434 757 508 796 547,
532 762 563 789 et
586 757 738 790 Hammer
761 768 811 798 pp.
832 758 870 789 15
887 767 983 798 seqq„
1007 758 1060 798 qui
1084 757 1309 789 laboraverunt

245 818 279 845 ut
302 813 508 845 ostenderent
531 813 609 845 haec
632 823 749 854 genera
772 823 842 845 cum
866 813 928 845 illis
952 814 1133 852 convenire;
1166 823 1250 852 nam,
1274 816 1308 845 ut

243 869 464 909 gravissimum
498 872 620 901 tantum
645 869 792 909 afferam,
825 866 841 911 ἡ
871 868 1019 911 γλαφυρὰ
1051 867 1205 906 σύνθεσις
1236 878 1306 901 cum

246 924 330 956 nullo
364 934 381 956 e
412 925 580 965 generibus
603 923 722 964 λέξεως
750 925 921 965 convenit.)
977 925 1186 964 Quamobrem
1219 925 1306 966 equi-

243 981 315 1013 dem
358 990 470 1012 censeo
510 980 696 1021 Dionysium
729 982 758 1013 in
795 981 900 1014 libello
938 982 991 1022 qui
1034 985 1084 1013 est
1121 981 1161 1013 de
1192 981 1306 1013 Demo-

244 1035 357 1068 sthene
380 1034 467 1075 λέξιν
490 1036 631 1076 intellegi
655 1037 792 1068 voluisse
822 1035 954 1079 ἐκλογὴν
982 1036 1045 1067 τῶν
1068 1033 1236 1077 ὀνομάτων
1256 1046 1306 1068 so-

243 1092 321 1130 lam;
347 1092 429 1132 quod
455 1095 532 1132 puto
556 1093 757 1125 111anifestmn
782 1092 923 1124 futurum
947 1102 1028 1132 esse,
1051 1093 1111 1124 nisi
1135 1092 1232 1124 libelli
1255 1102 1307 1124 ca-

244 1149 310 1188 pita
342 1148 444 1188 prima
475 1148 655 1188 periissent.
702 1148 770 1180 Hae
793 1158 863 1180 eum
894 1149 924 1180 vi
949 1158 1006 1179 vox
1040 1146 1128 1187 λέξις
1151 1158 1211 1180 non
1235 1157 1308 1179 raro

242 1207 432 1243 usurpatur;
466 1203 637 1244 Dionysius
669 1204 736 1244 ipse
766 1204 812 1236 De
835 1204 931 1244 Lysia
954 1204 972 1235 8
997 1214 1025 1244 p.
1043 1203 1145 1243 467‚8
1177 1207 1306 1243 praeter

242 1256 388 1290 διάνοιαν
412 1262 444 1291 et
467 1257 620 1290 σύνθεσιν
644 1260 774 1292 tortium
797 1260 983 1292 elocutionis
1007 1260 1197 1292 elementum
1216 1259 1305 1299 λέξιν

240 1314 382 1354 exhibet,
416 1315 498 1347 idem
532 1315 712 1348 Demetrius
745 1325 869 1356 semper
901 1316 995 1355 facit,
1025 1315 1240 1356 Hermogenes
1273 1319 1305 1348 et

240 1371 448 1403 elocutionem
472 1371 652 1403 universam
685 1370 811 1412 (figuris
839 1372 1070 1403 sententiarum
1094 1372 1250 1412 exeeptis)
1273 1375 1302 1404 et

240 1427 406 1459 verborum
430 1427 586 1459 delectum
611 1425 699 1466 λέξιν
722 1431 823 1466 vocat,
848 1426 884 1459 cf.
911 1427 968 1458 Rh.
987 1426 1040 1458 Gr.
1061 1427 1111 1467 Sp.
1130 1428 1159 1459 11
1183 1437 1212 1468 p.
1230 1428 1303 1467 269,

241 1486 354 1513 8—13.
377 1483 450 1522 270,
465 1486 597 1513 13—-15,
643 1482 725 1514 Illud
749 1492 834 1522 vero,
858 1483 942 1523 quod
958 1483 989 1514 in
1013 1483 1067 1514 illa
1083 1482 1182 1514 libelli
1202 1486 1303 1523 parte,

239 1549 300 1578 qua
332 1538 488 1570 delectum
521 1538 685 1569 verborum
718 1539 847 1570 tractari
878 1542 974 1578 puto,
1005 1539 1100 1570 etiam
1130 1538 1302 1579 figurarum

239 1595 367 1634 saepius
391 1596 433 1634 (p.
457 1594 677 1633 963,1o-*14.
717 1594 1012 1633 966‚15—967‚3.
1047 1594 1302 1634 977‚10-981,

242 1653 288 1681 15,
323 1650 452 1688 1008,5.
490 1650 682 1688 1013,16-μ
698 1651 833 1689 1015,1)
864 1651 982 1682 montio
1016 1650 1065 1689 fit,
1103 1659 1300 1691 nequaquam

239 1710 349 1738 contra
373 1716 421 1737 me
444 1705 535 1745 facit,
567 1715 636 1737 cum
661 1706 781 1745 figurae
804 1706 955 1747 Dionysio
986 1710 1114 1738 auctore
1137 1710 1170 1738 et
1192 1706 1224 1738 in
1248 1704 1301 1737 ἑκ-

239 1839 391 1864 venustam
409 1835 577 1864 Demetrius
601 1845 659 1864 uon
684 1839 804 1870 tractat5
829 1845 882 1872 pro
906 1836 968 1864 eius
992 1836 1087 1864 medin
1109 1840 1206 1864 {intem
1231 1836 1302 1864 duas

240 1887 371 1922 exhibet,
405 1892 558 1915 venustam
584 1896 670 1926 quam
702 1887 764 1924 ipse
789 1887 859 1916 dicit
883 1891 911 1915 et
934 1887 1149 1921 vehementem,
1173 1887 1301 1925 deniquo

239 1939 273 1967 dc
298 1938 378 1967 tenui
411 1948 518 1974 genere
550 1937 772 1975 compositionis
803 1938 928 1973 disserit,
963 1938 997 1966 de
1030 1948 1088 1976 quo
1122 1938 1194 1966 nihil
1219 1942 1302 1967 extat

237 1990 314 2027 apud
338 1990 523 2027 Dionysium.
571 1989 719 2026 (Dionysii
744 1986 898 2027 γλαφυράν
915 1989 1156 2026 compositionem
1181 1999 1299 2028 prorsus

239 2041 382 2068 diversam
407 2050 469 2069 esse
492 2050 509 2069 a
532 2041 729 2075 Demetriunu,
753 2042 802 2076 §2
828 2041 964 2077 ostendi.)
