1525 2530
165 320 222 352 tim
246 330 315 352 eum
339 321 435 353 etiam
460 325 570 353 auctor
600 320 696 352 libelli
721 330 746 352 c.
771 321 789 351 i.
815 317 889 360 usqi
914 316 1028 359 ἕψοι-ς,
1051 327 1231 358 quanquam

165 376 374 408 elocutionem
401 377 673 408 llemosthenicam
698 376 899 408 vehementer
919 375 1106 413 admiratur,
1130 379 1233 406 tamen

167 432 332 464 nonnullas
349 433 482 464 virtutes
505 433 532 464 ei
550 433 659 465 deesse
676 433 797 470 doceat,
821 431 859 462 cf.
876 441 943 470 cap.
961 431 1002 461 34
1018 433 1035 468 ξ
1053 431 1082 461 3.
1120 430 1154 469 3)
1174 430 1233 462 De-

168 488 291 519 madem
316 488 498 519 Demetrius
522 498 580 520 non
604 488 704 520 solum
730 497 789 519 non
813 487 913 527 pluris
937 496 1030 526 quam
1050 486 1234 517 Demosthe-

167 552 236 574 nem
260 544 386 575 videtur
409 545 637 583 aestimavisse,
661 544 716 575 sed
742 554 778 575 ne
794 543 899 583 magni
923 543 1060 582 quidem,
1083 542 1121 573 cf.
1139 542 1157 581 ξ
1173 542 1235 572 282

167 597 313 636 ῃᾶτοπυιν
338 597 460 640 rodum*
482 597 564 637 i'zetv
588 600 766 630 (lunaiivm“
790 602 823 630 et
845 601 863 637 ,ὅ
880 598 951 630 286.

251 712 270 748 ξ
293 711 322 742 6.
367 710 456 741 Liers
480 710 630 742 Stilarten
663 720 693 751 p.
710 712 772 742 692»
803 710 880 742 haec
912 710 976 741 fere
1000 709 1097 741 dicit:
1130 709 1235 749 „Rhe-

168 771 252 797 tores
275 766 466 806 posteriores
489 766 634 797 omnibus
656 766 824 806 generibus
840 765 1010 804 formisque
1034 765 1159 797 dicendi
1174 765 1234 796 De-

169 821 362 853 mosthenem
395 831 485 853 usum
517 831 587 853 esse
610 823 740 859 docent3
773 821 952 853 Demetrius
984 824 1108 852 tantum
1139 830 1234 852 unuin

168 878 196 909 ei
220 877 342 917 tribuit,
367 886 441 917 ergo
473 878 569 916 priori
603 877 702 909 aetati
726 878 955 909 adscribendus
977 879 1054 908 est.“
1079 895 1118 898 —
1150 877 1237 907 Inter

170 933 362 973 posteriores
385 932 455 964 illos
479 933 695 972 distinguendi
719 938 792 964 sunt
823 933 855 971 ii,
887 933 940 973 qui
964 933 1026 964 tria
1049 942 1165 972 genera
1189 933 1236 963 di-

168 989 268 1026 cendi,
299 992 332 1020 et
363 988 394 1026 ii,
424 989 477 1027 qui
502 988 619 1019 formas
643 986 762 1028 (ἰδέας)
791 989 976 1020 elocutionis
1007 992 1236 1020 tractaverunt.

168 1044 210 1076 Hi
233 1048 306 1076 sunt
329 1044 387 1076 soli
410 1044 567 1075 Aristides
590 1048 622 1075 et
645 1044 871 1084 Hermogenes,
903 1053 980 1084 qnos
1014 1054 1052 1076 ne
1075 1044 1143 1084 ipse
1167 1044 1235 1083 qui-

170 1100 241 1132 dem
264 1104 338 1132 ante
354 1099 551 1132 Demetrium
570 1101 733 1140 scripsisse
756 1110 876 1133 censeo.
922 1100 972 1132 Illi
990 1103 1095 1131 autem
1112 1100 1236 1140 (Corni-

170 1156 268 1195 ficius,
292 1155 411 1195 Cicero,
435 1155 563 1195 Dionys.
580 1156 692 1195 Halic„
715 1156 784 1196 alii)
809 1156 891 1196 quod
907 1156 1051 1188 omnibus
1070 1155 1236 1195 generibus

170 1212 296 1244 dicendi
312 1211 555 1245 Demosthenem
581 1222 670 1244 usum
688 1221 755 1244 esse
771 1213 894 1251 docent,
918 1212 1098 1244 Demetrius
1122 1212 1155 1243 id
1175 1221 1236 1242 non

170 1268 272 1308 docet,
304 1268 376 1300 inde
399 1268 477 1300 nihil
502 1269 643 1301 concludi
676 1272 791 1308 potest,
822 1277 891 1299 cum
915 1268 1040 1299 illorum
1065 1267 1158 1298 trium
1184 1277 1236 1307 ge-

170 1333 278 1355 nerum
295 1328 410 1355 natura
432 1333 562 1364 prorsus
579 1324 642 1355 alia
664 1325 706 1355 sit
729 1333 765 1356 ac
782 1324 1055 1355 Demetrianorum
1075 1326 1237 1362 quattuor,

171 1389 234 1420 qua
257 1380 295 1411 de
319 1389 354 1411 re
377 1389 529 1420 exponam
554 1380 658 1420 capite
681 1380 789 1412 altero.
836 1380 980 1412 Ceterum
1010 1388 1068 1410 non
1093 1378 1237 1410 omnibus

172 1435 356 1475 posterioris
379 1436 495 1467 aetatis
520 1436 698 1467 rhetoribus
718 1445 824 1467 omnes
847 1435 983 1467 virtutes
1006 1436 1036 1467 in
1061 1435 1238 1467 elocutione

172 1491 414 1523 Demosthenica
438 1492 538 1523 inesse
562 1492 646 1523 visas
664 1500 741 1531 esse,
765 1501 801 1523 eo
824 1491 890 1523 loco
914 1491 1130 1531 cognoscimus
1145 1500 1236 1530 quem

172 1547 202 1578 in
227 1548 245 1587 ξ
268 1548 411 1588 proxima
434 1557 450 1579 e
474 1547 582 1579 libello
605 1557 629 1579 c.
654 1548 674 1579 i.
699 1546 775 1588 περὶ
800 1545 904 1588 ἕψοι-ς
926 1547 1030 1579 attuli.

256 1659 325 1699 57.
372 1659 463 1690 Liers
496 1669 526 1699 p.
545 1660 602 1690 701
637 1659 682 1690 sic
713 1658 780 1690 fere
810 1659 955 1690 disserit:
988 1660 1041 1697 „s'i
1074 1669 1121 1699 ea,
1155 1669 1237 1700 quae

171 1715 353 1747 Demetrius
376 1715 416 1746 (le
446 1715 615 1754 generibus
639 1718 773 1747 venusto
797 1719 830 1746 et
860 1715 947 1746 tenui
971 1715 1073 1753 docet,
1105 1714 1236 1747 conferi-

171 1781 241 1802 mus
264 1780 334 1802 cum
359 1771 515 1802 similibus
539 1781 620 1810 quae
644 1774 753 1802 extant
776 1772 861 1810 apud
885 1771 1029 1803 rhetores
1052 1772 1238 1811 posterioris

171 1827 297 1866 aetatis,
320 1827 378 1858 hos
396 1827 613 1867 cognoscimus
637 1827 799 1859 studuisse
822 1831 858 1858 ut
881 1827 958 1858 nihil
981 1826 1161 1867 proferrent
1177 1828 1238 1859 nisi

172 1893 252 1923 quae
276 1883 317 1914 ad
340 1887 504 1914 oratorum
538 1892 629 1914 usum
654 1883 865 1922 convenirent,
897 1883 971 1923 quia
994 1883 1099 1914 omnia
1121 1892 1239 1922 genera

172 1939 299 1970 dicendi
322 1939 471 1971 volebant
494 1939 614 1978 optima
639 1939 813 1971 elocutione
838 1939 978 1970 oratoria
994 1940 1238 1979 comprehendi3

173 1995 369 2027 Demetrium
393 1999 500 2026 autem
525 1994 558 2025 id
581 2004 641 2025 non
667 1994 787 2026 fecisse.
834 1994 967 2026 Constat
989 1998 1095 2026 autem
1126 2006 1144 2026 a
1167 1995 1238 2026 rhe-

174 2051 296 2082 toribus
320 2051 480 2091 prioribus
504 2050 690 2082 elocutionis
722 2051 881 2082 oratoriae
905 2051 1057 2082 minorem
1083 2052 1238 2083 rationem
