1525 2530
661 223 870 256 -25-

231 312 379 343 docuisse
402 310 535 342 sublime
558 312 591 341 ct
614 313 718 348 tenue,
741 318 811 341 cum
835 309 1005 349 plurimum
1032 308 1115 340 inter
1138 317 1174 340 so
1195 308 1295 340 dista-

232 370 312 405 rent,
343 366 411 397 sola
433 375 550 405 genera
574 365 762 404 principalia
791 373 877 402 esse,
908 364 991 395 inter
1014 372 1052 395 ea
1074 366 1240 395 venustum
1263 366 1296 395 et

231 422 401 454 vehemens
425 421 528 452 media
558 430 638 459 csse,
669 420 728 452 hoc
757 419 883 451 sublimi
915 419 1056 459 propius,
1089 418 1166 450 illud
1198 419 1294 451 tenui.

232 478 298 509 llos
322 478 354 509 id
378 481 539 517 spectasse
563 480 707 516 apparet,
741 479 775 508 ut
798 485 890 516 quam
923 475 1086 506 minimum
1110 484 1129 506 a
1151 475 1296 507 doctrina

230 533 469 573 Theophrastea
491 532 700 564 discederent.
747 532 856 572 Neque
880 540 955 563 vero
972 530 1154 562 Demetrius
1176 530 1216 562 iis
1239 531 1295 562 ad-

231 589 413 629 stipulatur,
437 589 493 620 scd
518 589 570 619 uui
593 588 706 628 cuique
729 598 746 619 e
769 590 920 627 quattuor
943 585 1111 626 generibus
1134 587 1295 626 propriam

232 649 377 676 naturam
410 653 478 676 esse
502 647 611 675 censet
626 644 685 681 15).
732 642 816 674 Illud
839 643 976 682 denique
1000 641 1115 674 addere
1138 642 1232 681 libet,
1264 646 1297 674 et

231 700 443 740 'l'lieophrasti
466 699 643 731 doctrinam
675 702 708 731 et
731 699 969 730 Demetrianam
992 697 1102 729 formis
1124 698 1295 738 geometri-

232 757 276 788 cis
300 756 453 787 illustrari
482 763 590 795 posse:
625 754 711 786 illam
743 755 827 786 linea
859 757 955 792 reeta,
985 753 1074 784 cuius
1104 756 1213 793 partes
1243 763 1295 785 ex-

232 816 351 844 tremae
367 820 485 852 genera
507 810 642 843 sublime
659 816 691 842 et
715 815 809 842 tenue
825 809 1014 850 significant,
1037 818 1112 849 pars
1128 809 1296 841 interiecta

231 878 331 908 genus
355 867 509 905 medium3
534 866 771 899 Demetrianam
788 865 914 905 circulo,
939 866 970 896 in
993 875 1055 906 quo
1071 873 1188 905 genera
1211 865 1297 905 pari-

231 923 290 955 bus
323 922 498 955 intervallis
529 923 669 954 discreta
699 923 761 954 sita
790 925 864 954 sunt
894 922 940 953 ita
970 924 1005 952 ut
1033 920 1159 952 sublimi
1188 920 1297 961 generi

231 979 425 1011 contrarium
449 979 492 1010 sit
515 982 624 1018 tenue,
648 981 782 1010 venusto
804 977 990 1017 vehemens,
1020 977 1098 1008 ordo
1121 977 1220 1017 igitur
1241 986 1296 1016 go-

233 1044 341 1067 ncrum
365 1034 416 1066 hic
439 1035 497 1066 sit:
522 1034 667 1073 sublime,
692 1036 868 1072 venustum,
892 1036 996 1072 tenue,
1020 1032 1205 1071 vehemens;
1239 1032 1297 1064 hoc

323 1182 373 1219 15)
396 1181 476 1218 ξ37,
510 1190 568 1219 qua
590 1180 760 1210 Demetrius
790 1180 871 1208 illam
895 1179 1026 1218 priorum
1051 1179 1220 1216 opinionem
1253 1188 1299 1207 re-

234 1234 319 1270 futat,
350 1233 416 1262 talis
440 1232 535 1271 qualis
566 1232 692 1261 traditur
714 1241 801 1260 sensu
825 1235 912 1260 caret.
958 1230 1006 1259 Illi
1039 1230 1116 1258 enim
1140 1230 1168 1258 id
1192 1239 1245 1267 pro
1269 1239 1300 1258 so

235 1286 330 1313 facore
362 1284 508 1318 dicebaut,
540 1283 617 1322 quod
642 1283 767 1312 sublime
799 1292 892 1319 genus
923 1281 1005 1311 tenui
1038 1291 1097 1310 non
1121 1280 1301 1318 misceretur,

235 1345 299 1364 cum
325 1338 453 1364 cetorum
486 1334 584 1363 omnia
615 1344 723 1371 genera
755 1333 948 1362 miscerentur
979 1332 1130 1367 omnibus;
1165 1332 1219 1360 hoc
1244 1331 1300 1360 De-

236 1387 358 1415 metrius
374 1390 530 1424 postquam
553 1387 568 1422 ξ
582 1388 620 1413 36
638 1385 761 1420 rettulit,
785 1386 850 1420 §37
869 1384 904 1412 ed
928 1384 995 1412 illos
1012 1383 1183 1412 refutandos
1199 1383 1300 1411 eodem

236 1442 408 1473 argumento
440 1438 503 1475 ipse
534 1437 635 1466 utitur.
682 1436 820 1464 Mendum
855 1435 885 1463 in
917 1435 962 1463 his
994 1434 1090 1462 inesse
1113 1434 1299 1462 manifestum

235 1494 288 1525 cst,
319 1498 486 1528 quanquam
520 1498 640 1522 eorum,
671 1487 720 1526 qui
750 1487 846 1515 adhuc
877 1487 912 1514 de
935 1485 1087 1514 Demetrio
1111 1484 1301 1522 scripserunt,

237 1550 322 1569 nemo
353 1540 383 1568 iu
413 1539 449 1568 iis
472 1540 590 1568 videtur
613 1538 779 1567 offendisse.
823 1538 894 1566 Loci
927 1536 1048 1565 sanandi
1081 1535 1190 1564 nullam
1214 1535 1300 1563 alium

236 1591 322 1619 video
347 1591 499 1625 rationem,
532 1590 587 1618 nisi
612 1596 644 1618 ut
675 1599 844 1618 censeamus
875 1592 942 1626 post
971 1587 1042 1615 illud
1067 1582 1190 1624 ὁρῶμεν,
1223 1586 1301 1624 quod

237 1643 266 1670 in
291 1642 385 1679 prima
414 1642 599 1679 paragrapho
631 1645 724 1675 extat,
755 1650 856 1669 vocem
886 1636 939 1675 μὲν
961 1638 1146 1667 intercidisse
1176 1643 1207 1666 et
1234 1642 1302 1674 post

239 1690 350 1729 πολλὴν
373 1691 403 1721 δὲ
427 1688 580 1729 ὅεινότητά
603 1701 632 1719 τε
655 1690 705 1720 καὶ
729 1688 812 1728 χάριν
834 1692 907 1720 hneo
922 1691 1013 1718 verba
1034 1685 1136 1725 ,,ὅμως
1159 1685 1190 1716 δὲ
1215 1683 1302 1716 οὐδὲν

239 1738 326 1780 ἧττον
349 1739 368 1780 ἡ
392 1740 524 1780 δεινότης
546 1742 594 1771 καὶ
620 1739 640 1780 η’
663 1739 745 1780 χάρις
768 1739 958 1770 α’ντίκεισθον
980 1737 1000 1777 ἢ
1023 1735 1042 1777 ἦ
1065 1737 1300 1777 μεγαλοπρέπεια

238 1794 286 1824 καὶ
311 1791 330 1832 ἦ
354 1792 505 1832 ι’σχνότης“
530 1795 577 1824 vel
601 1795 705 1823 horum
729 1793 852 1827 similin3
876 1793 911 1821 cf.
941 1801 1015 1830 quae
1038 1792 1131 1827 §258
1156 1791 1191 1818 de
1214 1799 1302 1826 gene-

238 1847 319 1875 ribus
341 1851 466 1875 venusto
491 1852 520 1875 et
543 1845 711 1875 vehementi
728 1844 896 1873 Demetrius
919 1843 1005 1872 dicit:
1028 1835 1131 1878 „miton
1155 1837 1183 1869 δ’
1204 1839 1234 1869 οἱ
1254 1851 1302 1877 χα-

239 1898 382 1935 ρακτῆρες
405 1894 612 1926 ἐναντιώτατοι
636 1896 806 1924 δοκοῦσιν.“
830 1911 870 1916 —-
903 1894 981 1923 Miro
1005 1894 1091 1922 modo
1115 1903 1211 1931 neque
1235 1901 1301 1920 cum

238 1948 337 1977 verbis
369 1949 511 1977 Demetrii
543 1947 731 1977 convenienti
764 1947 859 1975 locum
891 1946 1103 1982 interpretatus
1145 1948 1189 1972 est
1218 1943 1302 1971 Liers

239 2000 380 2029 stilarten
405 2010 432 2037 p.
451 2001 523 2029 697.
