1525 2530
640 232 849 261 &25-

215 318 390 350 orationem
415 317 610 348 ornamentis
643 317 774 349 modieis
798 316 963 348 verborum
988 316 1281 355 sententiarumque

215 373 413 413 distinguit“.
449 372 614 405 Simillime
631 373 880 404 1⁴¹01·tuuatianus
898 372 1024 404 Rhetor.
1039 372 1107 403 Lat.
1125 372 1172 403 ed.
1188 371 1281 403 Halm

216 440 244 470 p.
267 429 325 461 125
348 426 467 469 ,ἁδρὸν
492 428 647 460 uniforme
670 432 742 460 est?
772 438 853 466 non,
878 438 948 459 nam
973 432 1022 459 est
1045 432 1100 459 aut
1123 423 1281 469 afloznsps‘v

216 488 273 517 aut
302 481 446 526 ἀνθηρόν
464 509 569 515 .....
588 480 696 523 ἰσχνὸν
728 484 883 516 uniforme
916 484 989 515 est?
1022 494 1093 523 non,
1130 493 1201 515 nani
1233 486 1282 514 est

215 545 271 573 aut
294 541 435 573 severius
458 543 514 572 aut
530 540 673 572 floridius
691 567 696 572 .
716 566 721 572 ,
741 566 745 572 .
766 567 770 572 .
790 567 795 572 .
812 539 913 580 μέσον
936 540 1090 571 uniforme
1114 540 1186 571 est?
1210 549 1282 578 non,

215 608 286 630 nam
304 601 354 629 est
377 601 432 629 aut
448 606 591 629 severum
615 600 671 628 aut
689 596 835 628 laetum.“
884 596 1027 636 Denique
1050 595 1181 627 Procius
1197 595 1281 635 apud

216 653 364 685 Photium
397 664 426 693 p.
445 652 539 684 3181)
565 656 602 681 26
636 652 772 692 Bekker,
804 656 971 693 postquam
1002 652 1096 683 trium
1120 660 1281 691 generum,

215 718 296 750 quae
320 712 412 741 vocat
437 706 625 748 πλάσμαια,
650 709 842 740 mentionem
874 708 966 747 fecit,
990 708 1067 739 haec
1091 708 1181 738 addit
1203 702 1280 744 „ch-

216 764 317 806 mffiuiv
339 763 375 795 δὲ
395 760 462 794 και)
487 762 573 795 ἰδίαν
596 760 651 794 οὒκ
676 761 743 795 ἔστι
772 761 919 804 πλάσμα,
944 759 1025 794 ἀλλὰ
1051 760 1277 803 orirer-(piguerat

215 819 269 851 καὶ
286 818 503 860 σι’μμέμικῑαι
533 822 601 857 [οἷς
616 818 804 861 εἰρημένοις,
829 816 959 861 ἁρμόζει
980 818 1016 850 δὲ
1043 815 1281 859 ιὈπΟγραφιάις

214 875 267 907 καὶ
293 872 459 915 λειμώνων
484 872 500 917 ἶ]
525 872 633 906 ἀλσῶν
656 873 883 917 gumiae-affl.
927 875 1009 915 (Hos
1026 874 1112 906 locos
1136 878 1201 906 tres
1217 874 1279 905 ian]

215 932 394 963 Volkmann
425 931 500 963 edit.
526 931 555 962 II
580 942 609 971 p.
627 931 690 963 535
725 942 787 963 una
810 931 929 970 attulit,
960 940 1060 971 neque
1092 940 1165 962 vero
1196 933 1282 961 reete

214 989 253 1020 iis
278 998 354 1020 usus
378 988 451 1027 est.)

300 1045 372 1076 Alia
402 1044 504 1075 virtus
537 1043 681 1075 restabat
713 1053 794 1084 quae
830 1046 863 1075 et
895 1044 964 1083 ipsa
995 1043 1182 1083 dignissima
1212 1045 1282 1074 erat

213 1110 294 1142 quae
323 1100 554 1140 respiceretur,
588 1109 657 1131 eam
688 1099 759 1131 dieo
783 1108 877 1140 quam
901 1099 1083 1130 Demetrius
1116 1095 1282 1138 δεινότητα

214 1160 314 1189 vocat.
360 1156 438 1187 Eius
462 1165 586 1196 quoque
619 1155 720 1186 tribus
751 1155 920 1195 generibus
944 1155 1192 1194 Theophrasteis
1216 1163 1281 1186 ser-

215 1213 298 1244 vatis
322 1212 403 1244 ratio
427 1211 537 1243 haberi
567 1214 694 1251 poterat
727 1212 772 1242 ita
796 1214 832 1242 ut
863 1212 893 1242 in
926 1221 988 1242 uno
1013 1220 1138 1251 quoque
1167 1219 1283 1251 genere

214 1269 309 1301 tertia
340 1268 462 1308 species
494 1268 730 1306 institueretur,
765 1268 815 1299 eui
847 1264 990 1308 δεινότης
1021 1267 1153 1307 propria
1186 1268 1281 1298 esset.

213 1326 276 1357 Sed
300 1324 378 1356 haee
400 1324 534 1363 partitio
558 1323 707 1355 subtilior
730 1333 825 1364 quam
850 1323 1043 1355 commodior
1065 1322 1197 1355 fuisset:
1228 1333 1282 1355 ne-

213 1391 272 1421 que
296 1381 378 1411 enim
409 1380 544 1411 sublime
573 1389 673 1420 genus
696 1384 753 1411 aut
784 1383 878 1412 tenue
907 1377 1000 1420 χάριν
1029 1383 1085 1411 aut
1116 1376 1283 1420 ὄεινότιγῑα

212 1437 382 1476 accipiunt,
406 1435 463 1467 sed
486 1436 545 1467 hae
568 1435 689 1467 formae
712 1436 898 1468 elocutionis
931 1437 962 1467 in
987 1435 1055 1467 solo
1078 1435 1144 1467 fere
1168 1444 1282 1475 genere

213 1493 317 1524 medio
340 1493 552 1532 reperiuntur.
599 1492 711 1532 Itaque
741 1502 802 1523 non
827 1492 909 1524 male
941 1494 1070 1532 poterat
1092 1492 1162 1531 quis
1186 1500 1281 1531 gene-

214 1547 301 1580 ribus
325 1548 452 1579 sublimi
475 1551 507 1579 et
530 1548 618 1579 tenui
642 1548 777 1580 servatis
801 1548 832 1579 in
857 1548 924 1579 solo
941 1548 1046 1579 medio
1070 1551 1136 1579 tres
1159 1547 1281 1587 species

212 1604 284 1636 illas
317 1604 521 1643 distinguere.
576 1605 681 1644 Atque
714 1603 773 1635 hoe
804 1604 917 1636 fecisse
948 1607 1028 1644 puto
1060 1603 1279 1643 Hipparchum

212 1661 380 1701 quendam,
403 1660 455 1699 qui
478 1660 556 1691 haec
580 1668 697 1698 genera
720 1660 846 1691 dicendi
869 1660 997 1692 videtur
1020 1659 1201 1691 exhibuisse
1225 1658 1277 1698 (cf.

212 1716 250 1756 ἓξ
269 1715 316 1747 19.
342 1715 414 1755 21);
438 1713 697 1755 μεγαλοπρεπές,
723 1712 839 1754 ἰσχνόν,
864 1712 1037 1756 γλαφυρόν,
1061 1712 1174 1752 δεινόν,
1199 1725 1277 1756 γρα-

213 1768 324 1813 φικόν;
357 1781 393 1803 ex
417 1771 531 1812 quibus
555 1771 617 1802 tria
641 1771 752 1803 ultima
784 1771 842 1803 sub
873 1781 973 1811 genus
1003 1771 1141 1803 medium
1166 1771 1280 1803 cadere

213 1828 369 1866 videntur,
392 1824 552 1869 γραφικόν
568 1827 634 1859 eius
659 1837 695 1858 ea
713 1828 835 1867 species
859 1837 928 1859 esse
952 1836 1033 1867 quae
1048 1837 1150 1868 neque
1171 1823 1276 1866 χάριτι

213 1893 314 1923 neque
337 1880 493 1925 decvo'mffiz
526 1884 675 1923 praedita
708 1887 765 1915 est.
811 1884 931 1915 Eadem
955 1893 1074 1924 genera
1096 1883 1279 1915 Demetrius

212 1943 336 1979 noster,
367 1941 421 1980 qui
443 1943 517 1980 post
540 1939 758 1980 Hipparchum
782 1940 949 1980 scripsisse
973 1940 1121 1978 traditur,
1152 1938 1280 1971 exhibet

212 1997 345 2035 excepto
369 1996 530 2036 graphice.
576 1995 663 2028 Haec
687 1999 837 2036 quattuor
858 2006 976 2037 genera
999 1997 1061 2027 iam
1085 1998 1158 2027 ante
1181 2004 1215 2027 se
1238 1994 1277 2026 ab

213 2051 284 2083 aliis
308 2052 472 2092 proposita
495 2062 565 2084 esse
588 2052 770 2085 Demetrius
792 2053 861 2092 ipse
884 2052 959 2092 §36
982 2053 1070 2091 dicit,
1094 2061 1148 2084 eos
1172 2054 1278 2083 autem
