1525 2530
616 253 648 257 -
695 236 735 266 >13
781 253 818 256 —«

184 332 240 362 per
256 320 383 354 saecula
407 321 438 352 in
463 330 520 352 usn
539 321 673 351 fuerunt.
713 319 773 359 (Cf.
799 322 878 359 ξδ’.)
916 319 1122 351 Pertinebant
1139 322 1244 350 autem

183 378 260 409 haec
282 386 400 417 genera
430 376 471 406 ad
503 375 603 407 solum
638 375 794 407 delectum
829 376 1013 413 verborum,
1045 384 1118 406 num
1143 374 1244 405 Theo-

183 433 334 473 phrastus
358 435 527 471 praeterea
550 431 613 462 alia
636 432 811 463 instituerit
835 432 875 462 ad
892 431 1151 471 compositionem
1177 439 1245 469 per-

183 488 329 526 tinentia,
352 487 501 519 nescitur.
549 486 609 526 (Cf.
634 489 650 524 ,ξ
671 486 732 521 12.)
791 486 849 518 llis
874 487 975 518 tribus
998 486 1168 526 generibus
1191 489 1246 516 aut

183 543 423 583 Theophrastus
457 543 524 582 ipse
548 546 603 573 aut
626 542 706 573 alius
731 543 801 582 quis
826 542 935 574 rhetor
958 544 1064 574 aetate
1088 541 1246 581 posterior

184 599 245 631 tria
279 599 393 630 vitiosa
425 598 557 629 addidit.
621 598 718 629 Porro
749 601 820 637 post
851 598 1108 638 Theophrastum
1139 597 1246 637 opinio

183 659 254 686 orta
286 658 335 686 est
372 654 526 694 optimam
557 654 765 685 elocutionem
798 654 942 685 omnibus
975 654 1142 694 generibus
1175 662 1244 685 cum

183 710 337 743 varietate
361 709 550 742 adhibendis
574 709 651 740 fieri.
698 710 738 741 Et
761 709 842 741 hane
865 710 1044 749 opinionem
1073 712 1106 741 et
1129 718 1246 748 genera

183 767 297 799 vitiosa
326 766 411 806 apud
443 765 644 796 Cornificium
676 765 810 804 primum
844 766 1027 805 reperimus.
1082 765 1142 804 (Cf.
1165 764 1246 804 §8.)

183 823 324 854 Fuerunt
347 822 453 860 etiam,
478 821 547 861 qui,
579 830 647 852 cum
673 822 701 852 in
726 821 893 860 generibus
918 821 1122 853 instituendis
1146 820 1245 852 virtu-

184 884 246 910 tem
271 877 450 910 venustatis
472 887 534 908 non
559 877 785 917 neglegendam
818 888 888 909 esse
912 880 1096 916 censerent,
1129 877 1160 907 in
1184 885 1246 907 uno

183 943 309 973 quoque
332 942 447 972 genere
477 932 568 964 binas
600 933 722 972 species
754 933 1003 972 distinguerent,
1036 933 1168 964 alteram
1193 941 1245 963 ve-

182 992 311 1021 nustate
334 989 529 1029 praeditam,
553 988 685 1019 alteram
710 998 748 1019 ea
772 993 946 1027 carentem3
969 989 1054 1028 quod
1077 989 1159 1019 inter
1183 996 1246 1025 eOS,

182 1054 315 1085 quorum
332 1045 452 1084 scripta
468 1053 551 1076 nunc
567 1048 685 1083 extant,
703 1045 822 1084 primns
839 1044 949 1076 Cicero
966 1044 1051 1075 facit.
1075 1043 1137 1082 (Cf.
1152 1043 1169 1083 ξ
1184 1043 1246 1074 1ολ

184 1100 403 1140 Hipparchus,
435 1100 545 1132 rhetor
576 1099 727 1140 Dionysio
758 1104 863 1132 aetate
897 1100 1044 1139 inferior,
1077 1099 1245 1139 generibus

183 1156 308 1188 sublimi
340 1160 372 1188 et
395 1156 482 1188 tenui
506 1156 694 1196 simpliciter
725 1157 860 1187 servatis
891 1157 922 1187 in
947 1156 1013 1187 solo
1038 1155 1142 1187 medio
1165 1155 1245 1186 duas

183 1212 306 1252 speeies
336 1211 408 1243 illas
440 1212 588 1244 distinxit
620 1217 650 1243 et
682 1216 810 1251 praeter
833 1212 889 1243 has
921 1212 1058 1250 tertiam,
1090 1207 1247 1251 δεινότητι

184 1269 381 1308 praeditam;
405 1267 463 1299 has
486 1272 552 1299 tres
575 1268 696 1307 species
720 1271 827 1299 autem
852 1276 921 1299 cum
945 1271 978 1299 et
1001 1268 1087 1307 ipsas
1111 1276 1169 1306 pro
1192 1276 1247 1306 ge-

184 1324 311 1356 neribus
350 1323 490 1363 haberet,
532 1324 670 1364 quinque
707 1323 848 1355 exhibuit
883 1333 1010 1364 genera.
1066 1322 1248 1354 Demetrius

184 1380 292 1413 rhetor
315 1380 462 1420 denique,
485 1380 539 1420 qui
563 1379 748 1419 Hipparcho
773 1383 879 1411 aetate
903 1378 1035 1411 inferior
1058 1382 1141 1417 erat,
1166 1378 1247 1409 Her-

183 1445 315 1476 mogene
339 1436 494 1475 superior,
526 1446 564 1468 ex
588 1435 765 1474 Hipparchi
796 1435 964 1475 generibus
987 1434 1182 1474 graphicum,
1216 1434 1249 1465 id

184 1496 233 1525 est
255 1494 381 1533 generis
405 1493 500 1524 medii
531 1492 668 1532 speciem
700 1501 802 1531 neque
824 1488 931 1531 χάριτι
964 1500 1066 1530 neque
1090 1486 1247 1529 δεινότητι

183 1549 372 1589 praeditam,
396 1549 514 1587 omisit,
548 1551 654 1579 cetera
687 1547 834 1579 servavit.
881 1546 942 1585 (Cf.
966 1546 1004 1586 ἐξ
1023 1546 1070 1577 10.
1099 1545 1248 1584 19—21.)

184 1605 278 1644 Apud
300 1604 384 1636 hunc
407 1605 543 1644 primum
568 1612 685 1643 genera
708 1603 884 1642 reperimus
907 1603 947 1633 ad
971 1602 1127 1634 delectum
1152 1604 1184 1632 et
1207 1601 1248 1632 ad

183 1660 444 1700 compositionem
461 1659 629 1691 verborum
647 1658 738 1690 simul
757 1658 968 1698 pertinentia,
993 1667 1095 1697 neque
1112 1658 1152 1688 ad
1168 1656 1247 1688 haee

184 1714 254 1747 sola
276 1716 446 1755 pertinent,
470 1716 527 1747 sed
551 1715 646 1746 etiam
671 1714 711 1745 ad
728 1714 929 1746 sententiam.
974 1712 1035 1752 (Cf.
1060 1713 1078 1753 ξ
1098 1713 1160 1751 12.)
1206 1713 1248 1743 Et

186 1771 244 1803 hac
268 1781 302 1803 re
333 1775 365 1804 et
388 1772 511 1803 duabus
535 1771 606 1802 aliis
630 1770 681 1809 (ef.
707 1770 744 1810 §§
771 1770 818 1801 11.
846 1769 897 1809 13)
922 1768 957 1801 fit
985 1774 1020 1801 ut
1045 1778 1161 1809 genera
1185 1768 1246 1800 De-

184 1827 339 1858 metriana
363 1827 522 1859 simillima
546 1828 610 1858 sint
633 1827 784 1858 idearum.
