1525 2530
663 246 852 277 -g-

229 342 285 372 pro
308 342 343 364 eo
373 331 516 371 pluribus
548 331 676 364 vocibus
698 328 842 372 (χάριτες
864 328 938 372 παρ’
956 328 1056 370 αι’-τοὶς
1080 330 1136 370 uis·
1159 331 1288 373 λέξεις),

227 391 363 427 apparet
393 397 462 419 eum
495 387 673 427 scripsisse,
696 391 865 427 antequam
898 396 956 418 vox
989 387 1072 427 tropi
1096 391 1225 428 recepta
1247 388 1290 420 sit

226 444 256 475 in
282 442 510 483 technologiam
536 442 727 474 Graecorum
760 442 959 475 rhetoricam.
1005 443 1054 475 Ita
1083 453 1155 475 vero
1187 443 1288 475 utitur

228 508 301 531 voce
324 499 386 530 iam
411 498 528 537 cicero,
561 497 598 530 cf.
621 499 713 530 Bruti
745 498 830 539 §69,
861 502 958 538 atque
981 499 1077 531 etiarn
1101 499 1189 540 prior
1212 499 1288 531 Dio—

227 555 336 595 nysius
351 554 458 586 Thrax
482 554 572 585 initio
596 553 705 593 libelli,
728 563 819 594 quem
838 555 876 586 de
900 558 970 586 arte
984 555 1194 595 grammatica
1216 564 1288 587 con-

227 611 366 651 seripsit,
398 611 481 642 inter
511 619 566 641 sex
589 609 669 642 artis
698 614 806 650 partes
839 607 987 652 ἐξήγησιν
1018 609 1101 641 κατὰ
1129 609 1203 648 τοῦς
1236 608 1286 641 ἐν·

228 663 431 706 ι’]ιάρχοντας
455 664 642 706 ποιητικοὺς
663 662 807 706 τρόπους
829 664 979 705 profert.“

313 721 375 754 Sed
398 722 481 761 quod
505 730 606 761 neque
629 721 688 753 hoe
718 730 818 761 neque
841 721 905 752 ullo
927 721 990 753 alio
1018 721 1085 754 loco
1109 720 1289 753 Demetrius

228 787 332 810 vocem
357 777 441 818 tropi
457 777 671 817 teehnologice
694 780 838 817 usurpat,
861 777 895 809 id
918 777 959 808 ad
982 781 1119 809 aetatem
1138 775 1290 808 Demetrii

227 833 438 866 definiendam
463 842 522 864 non
547 833 639 865 valet.
685 832 866 865 Demetrius
885 833 966 864 enim
990 832 1149 873 permulta
1171 841 1188 864 e
1211 832 1288 864 scri-

227 890 291 930 ptis
314 888 547 929 antiquioribus
568 888 684 928 hausit,
708 889 877 929 praecipue
899 898 936 920 ex
954 888 1136 921 Aristotelis
1158 887 1288 920 Rhetor.

227 946 307 978 libro
330 945 388 984 111,
420 949 586 985 praeterea
616 954 633 976 e
661 944 874 985 Theophrasti
904 944 984 977 libro
1016 943 1091 986 περὶ
1114 942 1240 983 λέξεως,
1271 953 1289 976 e

228 1002 418 1034 medicorum
443 1001 571 1040 scriptis
595 1001 648 1041 (ἕξ
665 1000 736 1039 176,
761 1001 846 1041 177),
878 1010 915 1033 ex
938 1000 1020 1039 aliis,
1050 1004 1086 1032 ut
1108 1001 1288 1038 flammato,

226 1058 278 1097 qui
303 1067 333 1098 p.
348 1058 390 1090 45
421 1056 560 1089 libellum
595 1057 635 1088 de
664 1056 839 1089 elocutione
871 1056 964 1088 docet
996 1065 1065 1088 esse
1096 1055 1189 1095 „teils
1220 1055 1289 1087 eine

228 1112 479 1153 Umschreibung
501 1113 557 1145 des
573 1113 692 1144 dritten
709 1112 832 1144 Buches
856 1113 913 1144 der
935 1111 1188 1144 aristotelischen
1205 1111 1288 1143 Rhe-

228 1169 320 1207 torik,
352 1168 425 1201 teils
447 1169 516 1200 eine
539 1167 870 1208 Zusammenh‘aufung
902 1167 1142 1200 verschiedener
1164 1166 1288 1199 Lehren

226 1234 284 1256 aus
307 1225 366 1256 den
391 1223 549 1256 Schriften
574 1225 630 1256 des
653 1223 864 1264 Theophrast,
889 1223 1104 1256 Archedemus
1127 1233 1156 1254 u.
1173 1232 1211 1262 a.‚
1233 1232 1288 1254 un-

228 1280 394 1313 termiseht
424 1281 482 1312 mit
505 1281 627 1320 einigen
652 1279 740 1312 nieht
770 1289 809 1311 zu
833 1279 1138 1312 unterschatzenden
1163 1277 1288 1310 aesthe-

227 1336 349 1368 tisehen
372 1337 611 1376 Bemerkuugen
636 1335 713 1368 iiber
735 1336 794 1368 den
813 1334 873 1367 Stil
896 1335 1053 1367 einzelner
1076 1335 1200 1367 Redner
1223 1333 1288 1365 und

228 1392 385 1431 Dichter“,
410 1393 441 1424 in
466 1393 645 1424 universum
662 1392 811 1424 assentiri
834 1392 992 1432 possimus
1007 1390 1192 1430 (dummodo
1208 1389 1287 1421 illud

228 1452 399 1487 teneamus,
430 1449 513 1488 quod
537 1447 676 1488 neglexit
698 1447 860 1486 Hammer‚
883 1446 1077 1479 Demetrium
1102 1455 1162 1477 non
1185 1445 1287 1477 solum

227 1504 382 1543 quaedam
413 1503 530 1535 nullius
553 1504 692 1544 priorum
717 1512 813 1543 opera
843 1512 933 1534 usum
957 1503 1060 1543 ipsum
1092 1501 1288 1539 observasse,

229 1559 284 1591 sed
307 1563 473 1599 praeterea
502 1559 667 1598 rationem,
698 1568 760 1599 qua
788 1558 915 1599 singula
937 1558 1042 1590 omnia
1072 1558 1113 1589 ad
1137 1560 1289 1597 quattuor

227 1615 405 1655 probabilia
435 1620 468 1647 et
498 1615 539 1646 ad
572 1618 723 1655 quattuor
761 1614 877 1646 vitiosa
914 1623 1031 1654 genera
1061 1613 1186 1646 dicendi
1218 1611 1288 1644 illu-

227 1671 360 1702 stranda
390 1670 585 1709 adhibuerit,
616 1671 782 1702 maximam
815 1674 938 1710 partem
969 1679 1005 1702 ex
1039 1669 1140 1710 ipsius
1162 1667 1288 1708 ingenio

226 1730 328 1758 ortam
352 1727 444 1765 esse).
491 1726 574 1767 Ergo
605 1727 688 1766 quod
720 1726 804 1766 tropi
827 1726 981 1758 terminus
1011 1726 1041 1757 in
1067 1724 1218 1757 Demetrii
1250 1723 1287 1755 li-

227 1782 308 1815 bello
341 1792 399 1813 non
433 1783 605 1822 reperitur,
640 1782 734 1814 huius
765 1783 809 1814 rei
840 1791 936 1814 causa
968 1791 1006 1814 ea
1035 1791 1158 1822 quoque
1189 1780 1288 1813 fuisse

228 1842 342 1878 potest,
365 1838 447 1877 quod
472 1838 665 1878 auctoribus,
695 1837 810 1878 quibus
833 1838 1013 1870 Demetrius
1036 1847 1112 1870 usus
1135 1842 1193 1875 est,
1226 1845 1287 1868 non

228 1959 389 1994 consentio,
413 1959 461 1997 qui
479 1964 590 1996 negant
612 1959 683 1987 illud
701 1956 822 1997 τρόποις
843 1963 921 1988 recte
937 1959 1022 1989 tradi.
1067 1959 1122 1988 Ille
1146 1958 1176 1986 in
1193 1958 1288 1987 Oratt.

228 2011 290 2038 Ait.
314 2018 386 2038 rece.
410 2010 509 2039 Baiter
531 2015 561 2039 et
583 2011 699 2048 Sauppe
717 2011 747 2038 ΙΙ
771 2021 797 2048 p.
817 2013 886 2047 223,
903 2020 931 2041 21
966 2007 1068 2045 τόποις
1091 2010 1286 2044 scribendum,

229 2060 276 2088 hie
300 2060 317 2089 1.
332 2060 348 2089 l.
372 2071 472 2089 vocem
498 2061 649 2090 delendam
673 2072 735 2090 esse
760 2066 868 2091 censet.
