1525 2530
665 214 871 246 „23-

322 300 437 331 Modus
460 303 567 332 autem
591 300 727 339 dicendi,
754 310 816 340 quo
850 310 928 332 unus
952 300 1066 341 aliquis
1090 301 1199 339 utitur,
1229 310 1299 332 cum

235 356 280 387 ita
302 356 540 388 accuratissime
564 356 777 395 describatur,
810 360 844 387 ut
867 357 935 388 eius
959 357 1130 397 qualitates
1153 366 1298 388 enarren-

236 415 295 450 tur,
318 411 376 443 hoc
400 416 488 443 certa
503 412 638 452 quadam
663 412 786 443 ratione
808 411 945 444 faciendi
970 411 1023 443 illa
1039 412 1194 451 doctrina,
1220 422 1300 452 quac

234 470 284 498 est
316 467 355 498 (lc
387 466 558 499 virtutibus
591 467 787 506 elocutionis,
820 467 1004 499 facultatem
1036 467 1135 499 affert.
1188 468 1300 507 Itaque

234 522 405 562 Dionysius
447 524 573 562 saepius
606 523 801 563 singulorum
833 527 998 555 auctorum
1031 524 1142 555 modos
1175 524 1299 555 dicendi

233 578 278 609 ita
301 578 463 617 describit,
487 583 521 610 ut
545 580 674 618 doceat,
706 589 786 619 quae
810 580 943 611 virtutes
976 580 1007 610 in
1031 580 1124 611 unius
1149 580 1299 620 cuiusque

232 633 410 666 elocutione
433 634 539 673 insint,
563 644 644 675 quae
676 635 704 666 ei
728 636 844 673 desint,
876 636 1034 667 interdum
1067 636 1162 666 etiam
1186 636 1299 676 quibus

232 688 326 721 rebus
349 689 466 721 fuctum
491 690 531 721 sit
558 694 592 721 ut
616 690 673 722 hae
697 691 820 729 desiut;
853 691 890 722 cf.
915 691 962 723 De
985 691 1083 731 Lysia
1106 692 1227 731 2—14,
1252 692 1299 723 Dc

232 745 328 777 Isocr.
352 746 382 776 2.
406 746 436 782 3,
467 746 517 777 Ad
548 748 601 777 Gn.
633 746 740 786 Pomp.
766 748 785 777 3
816 747 889 778 inde
920 757 939 778 a
969 757 998 786 p.
1018 746 1125 785 775‚5.
1178 747 1297 779 Eadem

231 800 298 833 fere
323 801 444 833 ratione
481 811 556 833 usus
581 806 629 833 est
652 802 868 841 Hermogenes
900 803 930 833 in
955 802 1204 834 clarissimorum
1228 813 1298 834 ora-

230 857 326 888 tionis
350 857 508 896 pedestris
531 861 696 889 auctorum
731 859 832 890 modis
863 858 987 890 dicendi
1011 858 1216 898 explicandis,
1240 859 1298 890 Rh-

230 911 284 943 Gr.
310 912 363 952 Sp.
381 913 412 944 II
436 923 465 953 p.
483 914 602 952 410‚2l
617 914 778 953 —424‚9.

314 1009 332 1045 ,ξ
359 1007 406 1039 10.
453 1007 573 1039 Harum
604 1008 758 1039 virtutum
783 1008 971 1040 elocutionis
1003 1009 1033 1039 in
1057 1008 1227 1048 generibus
1250 1009 1298 1040 di-

228 1063 320 1094 cendi
351 1064 557 1095 instituendis
594 1073 654 1094 uon
693 1063 831 1095 omnium
864 1064 947 1095 ratio
979 1063 1089 1096 haberi
1120 1067 1227 1104 potest
1260 1083 1297 1085 m

228 1119 339 1158 ingens
363 1120 446 1151 enim
470 1128 622 1159 generum
638 1128 788 1151 numerus
805 1119 895 1151 tieret
920 1138 955 1140 —
982 1120 1039 1151 sed
1055 1120 1224 1152 nonnullae
1248 1120 1297 1152 vel

231 1175 386 1214 plurimae
410 1176 441 1207 in
465 1175 523 1207 hac
548 1176 674 1215 quidem
698 1185 732 1207 re
749 1175 963 1215 neglegendae
986 1179 1068 1207 sunt.
1119 1177 1222 1216 Atque
1245 1177 1297 1216 qui

228 1231 360 1271 primus,
385 1235 420 1262 ut
435 1232 571 1270 videtur,
595 1240 711 1271 genera
728 1231 855 1263 dicendi
871 1232 1021 1271 instituit,
1047 1232 1297 1271 Theophrastus,

229 1287 323 1318 unius
354 1290 478 1318 tantum
510 1288 665 1319 rationem
699 1287 819 1326 habuit,
850 1290 983 1319 ornatus
1014 1283 1133 1327 (ὄγκου,
1157 1286 1297 1328 μεγαλο-

229 1340 421 1383 πρεπειάς);
446 1343 554 1383 itaque
578 1343 656 1375 haec
679 1344 742 1374 tria
764 1352 880 1383 genera
897 1343 1061 1375 distinxit:
1085 1343 1297 1376 elocutionem

229 1402 344 1430 ornatu
369 1403 543 1438 carentem,
577 1409 595 1430 a
627 1408 771 1430 sermone
802 1399 962 1430 cotidiano
995 1409 1056 1430 non
1082 1398 1296 1438 differentem

228 1454 363 1486 alteram
387 1454 432 1485 illi
457 1455 660 1493 contrariam,
684 1455 829 1494 poeticae
856 1454 1037 1494 finitima1113
1062 1455 1190 1486 tertiam
1213 1456 1298 1487 inter

226 1510 286 1542 has
317 1511 462 1542 mediam.
527 1511 618 1548 Quod
647 1510 782 1542 maxime
814 1511 1018 1550 perspicuum
1051 1510 1087 1542 fit
1124 1510 1187 1543 illis
1219 1510 1296 1543 locis

228 1565 438 1605 Aristoteleis,
463 1566 576 1606 quibus
599 1567 763 1598 doctrinae
779 1566 1038 1606 Theophrasteae
1055 1567 1246 1607 principium
1263 1570 1296 1599 ct

228 1621 382 1662 originem
406 1623 561 1654 contineri
588 1623 605 1661 ἕ
629 1622 647 1652 S
672 1622 746 1653 dixi.
793 1622 902 1662 Neque
926 1623 1011 1662 apud
1033 1622 1220 1663 Dionysium
1244 1632 1295 1655 res

227 1677 322 1710 aliter
337 1677 441 1710 habet.
474 1678 504 1710 Is
518 1679 602 1710 enim
618 1678 828 1710 elocutionem
847 1678 1038 1710 Isocratean]
1056 1682 1088 1710 et
1099 1678 1295 1710 Platonicam

229 1739 261 1766 et
284 1733 548 1766 Demosthenicae
577 1738 699 1774 partem
724 1735 882 1774 quandam
915 1735 945 1766 in
970 1744 1031 1765 uno
1055 1743 1169 1774 genere
1191 1735 1295 1766 medio

228 1788 332 1828 ducit;
364 1799 444 1830 quae
468 1794 534 1822 tres
558 1790 752 1822 elocutiones
782 1799 851 1822 cum
875 1790 1009 1821 multum
1042 1791 1126 1823 inter
1147 1800 1182 1822 se
1205 1790 1294 1822 diffc-

228 1848 318 1884 runt,
342 1848 408 1877 tum
439 1847 506 1886 ipse
530 1846 702 1887 Dionysius
725 1855 795 1878 eam
826 1846 959 1878 formam
983 1846 1180 1885 elocutionis,
1212 1856 1294 1886 quae

228 1927 301 1956 locis
327 1928 430 1965 posita..
478 1928 585 1967 (Quam
613 1929 644 1956 in
668 1938 729 1957 rem
752 1928 970 1957 accuratissime
1005 1928 1162 1967 inquisivit
1186 1929 1292 1957 Baum-

228 1982 294 2015 gart
316 1979 384 2008 libri
413 1990 437 2009 c.
460 1980 480 2009 i.
506 1980 608 2009 Aelius
633 1979 777 2009 Aristides
807 1980 849 2008 als
874 1980 1093 2017 Reprasentant
1116 1980 1167 2008 der
1191 1980 1292 2018 sophi-

228 2030 358 2060 stischen
382 2031 529 2060 Rhetorik
552 2031 648 2068 capite
672 2031 799 2069 ultimo.)
