1525 2530
254 317 391 349 habitam
423 327 493 349 esse
517 327 609 357 quam
641 326 660 348 a
682 316 929 357 posterioribus;
959 316 1141 349 Demetrius
1163 317 1262 357 igitur
1283 317 1314 349 'm

253 373 376 404 illorum
402 383 532 405 numero
555 373 717 405 ducendus
740 372 820 405 est.“

337 431 372 467 a)
404 428 447 460 Ut
478 434 582 460 antem
621 427 745 468 singula
786 429 967 468 videmnus,
1000 438 1100 469 genus
1137 431 1316 467 venustum,

253 485 369 524 quippe
385 485 468 524 quod
492 485 522 515 in
539 484 737 516 orationibus
760 484 862 516 locum
879 494 940 516 non
958 483 1083 519 habeat,
1107 485 1191 524 apud
1207 487 1315 524 poste-

254 541 354 571 riores
378 540 521 571 rhetores
551 540 678 571 omnino
709 549 770 571 non
800 540 902 580 ipsum
935 540 1066 572 tractari
1090 540 1182 572 Liers
1213 540 1315 579 (locet,

252 596 307 627 sed
343 599 465 627 tantum
497 595 623 636 singula
645 596 800 635 quaedam
825 605 906 636 quae
936 596 967 627 in
1000 595 1077 627 illud
1101 596 1227 634 cadant,
1259 595 1316 626 im-

253 651 364 691 primis
394 652 530 683 virtutes
561 647 697 693 (ἀρεταί,
722 648 820 691 ἰδέαι)
850 661 931 692 quae
954 651 1040 683 illius
1069 652 1218 691 propriae
1241 651 1315 683 sint.

252 725 291 729 —
316 708 359 738 At
382 707 541 739 Aristides
573 712 605 739 et.
628 707 844 747 Hermogenes
875 716 936 738 non
968 707 1069 739 solum
1101 707 1159 738 has
1182 707 1317 738 virtutes

252 763 393 802 singulas
418 766 566 801 tractant,
590 763 646 794 sed
663 763 758 794 etiam
782 772 881 803 genus
904 763 1028 794 dicendi
1050 763 1208 803 quoddam
1232 761 1317 802 apud

253 823 422 858 utrumque
455 822 551 857 extat,
585 819 668 858 qnod
701 828 762 850 non
794 819 876 850 idem
909 818 1037 859 quidem
1070 822 1120 850 est
1149 827 1186 850 ac
1217 826 1317 858 genus

253 879 429 913 venustum,
460 875 516 905 sed
540 874 598 906 hoc
629 875 780 913 continet,
815 879 845 906 et
876 878 989 914 totum,
1019 874 1051 906 id
1075 874 1158 915 quod
1181 874 1317 905 maxime

252 935 361 961 eontra
385 929 542 961 Liersium
575 930 661 968 facit,
692 929 730 961 ab
766 939 823 962 usu
847 933 1008 961 oratorum
1040 929 1198 962 abhorret.
1245 929 1316 961 Ari-

252 986 350 1017 stides
383 986 464 1017 enim
503 986 565 1017 duo
604 994 721 1025 genera
759 986 862 1017 omnis
894 985 1080 1017 elocutionis
1113 985 1317 1025 elegantioris

253 1041 376 1080 statuit,
400 1038 454 1071 τὸν
479 1039 649 1071 ‚vom-andr
672 1038 767 1081 λόγον
782 1046 815 1073 et
837 1038 892 1071 τὸν
915 1036 1019 1082 ἀφελῆ
1041 1038 1143 1081 λόγον.
1189 1040 1244 1073 Ille
1268 1044 1318 1072 est

254 1098 284 1128 id
301 1106 412 1137 genus,
435 1097 519 1136 quod
543 1097 573 1128 in
591 1097 760 1136 orationes,
784 1097 834 1129 liic
856 1097 899 1137 id,
923 1097 1008 1137 quod
1031 1098 1060 1128 in
1083 1101 1189 1129 cetera
1211 1096 1318 1127 omnia

252 1153 397 1184 oratione
421 1153 560 1192 pedestri
585 1153 703 1192 scripta
726 1153 888 1191 eonvenit3
912 1152 1066 1192 exempla,
1090 1151 1205 1193 quibus
1228 1151 1316 1183 illum

255 1209 412 1241 Aristides
436 1208 592 1247 illustrat,
619 1207 685 1240 fere
708 1209 813 1240 onmia
834 1220 850 1240 e
876 1207 1103 1247 Demosthene,
1127 1217 1180 1246 ea,
1203 1206 1316 1248 quibus

253 1265 346 1304 hune,
378 1264 445 1296 fere
477 1265 580 1295 omnia
613 1274 629 1295 e
660 1264 869 1304 Xenophonte
901 1265 1046 1304 sumpsit.
1101 1263 1172 1303 (Ille
1201 1263 1317 1303 priore,

254 1321 302 1351 hic
326 1321 503 1360 posteriore
526 1320 606 1351 artis
623 1320 804 1351 Aristideae
827 1319 906 1351 libro
923 1320 1105 1358 tractatur.)
1147 1320 1233 1350 Idem
1251 1319 1315 1350 dis-

253 1377 369 1407 crimen
388 1376 519 1407 interest
543 1376 628 1407 inter
644 1375 853 1415 Hermogenis
877 1373 1048 1406 πολιτικὸν
1064 1372 1159 1415 λόγον
1180 1379 1213 1406 et
1235 1385 1316 1405 nco·-

255 1430 401 1473 1y1<9126v
434 1428 537 1471 λόγον.
592 1431 683 1462 Illum
715 1441 734 1462 a
766 1431 989 1470 Demosthene,
1021 1430 1103 1462 hunc
1133 1440 1152 1462 a
1185 1430 1316 1462 Platone

254 1488 373 1527 optime
397 1486 626 1518 conformatum
650 1496 720 1518 esse
744 1486 961 1527 Hermogenes
983 1487 1084 1518 docet.
1131 1485 1317 1517 Continetur

254 1548 360 1574 autem
385 1542 538 1574 Demetrii
570 1552 670 1581 genus
704 1546 871 1574 venustum
902 1546 934 1574 et
966 1543 995 1574 in
1030 1542 1180 1574 Aristidis
1202 1537 1317 1583 ἀφελεῖ

255 1597 337 1639 λόγῳ
361 1603 393 1630 et
416 1599 446 1630 in
471 1598 680 1638 Hermogenis
705 1599 908 1639 sslffl'tjyrplmft
931 1595 1025 1638 λόγῳ.

340 1655 372 1693 h)
396 1655 487 1686 Liers
517 1654 566 1685 his
597 1654 701 1685 verbis
732 1654 854 1694 pergit:
887 1654 966 1693 „Die
996 1654 1093 1685 dritte
1117 1653 1229 1685 Stilart
1259 1653 1317 1685 des

257 1710 432 1741 Demetrios
450 1720 513 1741 war
528 1709 579 1741 fur
595 1710 655 1741 den
672 1709 810 1749 Vortrag
826 1709 909 1741 nicht
927 1709 1091 1750 geeignet;
1115 1710 1182 1741 dies
1196 1714 1317 1741 musste

255 1766 320 1796 sicli
353 1770 463 1805 spinter
493 1765 650 1797 naturlich
674 1766 803 1797 andern.
849 1765 1014 1797 Vertreter
1045 1765 1208 1797 desselben
1239 1765 1316 1796 wird

256 1821 368 1860 Lysias
386 1847 390 1852 .
410 1847 414 1852 .
435 1847 439 1852 .
460 1848 464 1852 .
485 1847 489 1852 .
515 1822 571 1853 Bei
594 1821 773 1853 Demetrius
796 1822 873 1853 wird
897 1831 931 1853 er
955 1831 1013 1853 nur
1036 1821 1150 1853 einmal
1175 1821 1315 1853 erwiilmt

256 1879 273 1914 ξ
300 1878 389 1907 19().“
416 1896 449 1898 v
479 1877 560 1909 Illud
584 1878 719 1917 primum
754 1887 814 1909 non
838 1887 969 1917 prorsus
1000 1882 1085 1909 recte
1109 1878 1226 1908 dictum
1251 1880 1316 1916 est;

257 1943 355 1972 neque
387 1933 466 1964 enim
501 1943 632 1973 nsquam
657 1933 838 1965 Demetrius
868 1942 968 1973 genus
999 1937 1091 1964 tenue
1123 1933 1151 1964 in
1178 1942 1315 1972 pronun-

257 1989 419 2020 tiationem
445 1989 610 2020 convenire
633 1989 760 2020 omnino
791 1993 894 2029 negat,
925 1989 981 2020 sed
1010 1988 1068 2020 hoe
1092 1992 1214 2019 tantum
1239 1988 1317 2020 dicit

256 2047 273 2081 ξ
303 2045 368 2082 193,
393 2049 558 2085 postquam
583 2045 689 2076 docuit
719 2045 749 2075 in
774 2044 827 2076 illo
850 2053 964 2084 genere
988 2045 1152 2076 enuntiata
1176 2044 1259 2075 inter
1281 2053 1315 2075 se
1487 2062 1493 2083 ι
