1525 2530
628 250 667 254 —
714 232 755 263 29
800 250 839 253 —

201 314 296 359 loyrfv
318 323 348 350 et
381 319 410 349 in
436 314 589 348 σύνθεσιν
622 319 747 355 cadant,
779 317 816 349 cf.
849 317 895 349 De
919 317 1060 358 Thucyd.
1085 317 1125 349 22
1149 328 1177 358 p.
1194 316 1268 356 862,

206 376 336 405 lxi—17.
362 374 408 405 De
432 374 524 405 Isocr.
540 374 560 405 3
584 384 612 414 p.
629 374 701 412 539,
719 377 848 405 11—14.
906 374 1020 406 Rerum
1046 378 1164 412 autem,
1188 383 1268 413 quae

202 430 254 460 uni
278 430 499 469 compositioni
523 430 660 461 adscribi
686 433 834 469 possunt,
867 430 914 461 liis
944 430 1020 461 solis
1050 430 1126 461 locis
1150 430 1267 461 mentio

202 484 252 516 fit:
296 495 325 525 p.
357 485 428 524 963,
445 489 476 514 Η
491 485 653 525 —964,9.
699 486 891 524 l()08,2—5.
935 485 1165 524 1013,12—16
1200 486 1266 525 (qui

200 551 308 573 omnes
332 542 371 572 de
395 542 535 573 Isocrate
559 541 646 579 sunt)
662 541 728 579 ιτ);
753 541 804 572 ubi
823 541 1007 581 Dionysium
1032 542 1153 573 minore
1175 550 1266 573 accu-

201 597 324 629 ratione
348 606 439 628 usum
464 606 534 629 esse
559 597 625 628 veri
649 597 749 628 simile
774 600 832 628 est.

284 653 437 684 Videmus
461 653 559 692 igitur
575 653 760 693 Dionysium
785 653 848 684 alia
871 662 988 693 genera
1011 653 1189 684 instituisso
1213 653 1266 683 de-

200 708 300 740 lectus
325 709 503 747 verborum,
527 709 588 740 alia
612 709 859 748 compositionis.
906 708 1119 748 Theophrasti
1143 717 1266 748 quoque

198 774 314 804 genera
338 765 474 803 dicendi,
499 774 630 805 quorum
655 767 672 802 ξ
693 766 711 795 8
736 765 926 796 mentionem
951 764 1019 803 feci,
1043 764 1084 794 ad
1108 764 1264 795 delectum

198 820 299 851 solum
324 821 517 860 pertinuisse
541 821 607 851 veri
631 821 825 852 simillimum
849 824 912 858 est;
936 830 1010 851 num
1028 820 1266 859 compositionis

197 886 314 916 genera
337 876 520 915 instituerit,
545 886 605 907 non
630 878 824 915 coustatff).
872 876 974 907 Aliter
998 885 1050 907 res
1074 885 1108 907 se
1130 875 1265 907 habebat

198 932 228 963 in
252 932 341 963 ideis.
404 933 474 963 {ene
505 932 597 963 Liers
621 932 773 963 Stilarten
803 942 831 971 p.
849 932 913 964 684
936 935 998 963 not.
1019 933 1033 962 1
1067 935 1173 963 monet
1203 932 1265 962 iam

199 988 402 1020 Aristotelem
419 988 511 1019 Rhet.
530 988 588 1027 111,
615 987 654 1018 1Ο
676 997 705 1027 p.
725 988 836 1019 1410b
855 989 976 1017 27—31
1003 987 1118 1019 docere
1134 987 1266 1018 facetias

198 1043 265 1074 fieri
289 1048 344 1075 aut
368 1041 496 1085 διανοίᾳ
520 1047 576 1075 aut
599 1042 693 1082 λέξει,
727 1048 759 1075 et
782 1044 808 1075 si
833 1042 928 1082 λέξει,
960 1047 1016 1074 aut
1049 1038 1184 1083 ὀνόμασι
1210 1046 1267 1074 aut

198 1096 348 1140 σχήμασι.
395 1100 566 1139 Dionysius
590 1100 638 1131 De
655 1100 751 1140 Lysia
774 1100 793 1131 8
816 1110 846 1140 p.
864 1100 937 1138 467,
951 1104 967 1128 6
993 1097 1175 1140 ι’,θοηοϊίάς
1201 1099 1265 1130 ele-

287 1225 337 1263 17)
363 1226 482 1254 Praeter
506 1226 558 1254 hos
587 1228 786 1261 1030,2-13;
816 1225 866 1254 sed
890 1225 914 1253 is
937 1225 1020 1254 locus
1043 1225 1077 1252 ad
1102 1225 1177 1253 hanc
1201 1234 1262 1253 rem

199 1287 257 1306 uon
289 1277 427 1314 pertinet,
460 1287 523 1306 cum
558 1277 772 1306 continuationi
806 1277 968 1305 disserendi
992 1277 1186 1313 interpositus
1218 1277 1266 1306 sit.

200 1328 361 1366 Dionysius
393 1328 469 1356 enim
504 1333 658 1367 postquam
685 1328 813 1356 ostendit
844 1328 969 1356 incisum
993 1328 1140 1366 quoddam
1165 1337 1267 1365 super-

198 1389 358 1408 vacaneum
390 1389 462 1415 esse,
497 1379 578 1408 addit
608 1390 645 1407 ue
678 1389 740 1407 eam
774 1379 892 1418 quidem
924 1379 1142 1407 excusationem
1167 1379 1264 1407 afferri

199 1441 285 1468 posse
308 1430 372 1459 colo
405 1441 478 1468 opus
501 1431 593 1459 fuisse
623 1431 658 1458 ad
682 1431 792 1459 bonum
825 1440 928 1458 sonum
952 1430 1154 1459 efficiendum:
1186 1431 1264 1459 dete-

198 1482 305 1510 riorem
329 1482 406 1510 enim
430 1481 481 1510 illo
505 1492 608 1510 sonum
633 1482 707 1510 fieri.

286 1533 336 1571 18)
360 1533 505 1572 Equidem
522 1534 697 1562 coniecerim
721 1534 750 1562 id
767 1543 833 1562 eum
856 1534 960 1563 fecisse
979 1534 1141 1573 eademque
1158 1543 1265 1570 genera

199 1595 232 1614 ac
255 1585 432 1624 Dionysium
463 1585 643 1619 exhibuisse,
676 1594 710 1613 ea
741 1586 777 1613 de
807 1594 839 1614 re
870 1588 976 1620 autem,
1009 1595 1084 1624 quae
1116 1585 1155 1613 sit
1178 1595 1266 1614 aurea

199 1637 386 1666 mediocritas
416 1636 447 1664 in
479 1637 701 1674 compositione,
733 1637 819 1665 aliter
849 1636 1003 1672 iudicasse,
1036 1640 1124 1675 atque
1148 1647 1265 1674 compo-

199 1689 316 1717 sitionis
339 1697 459 1725 asperae
483 1691 601 1716 auctore
631 1688 804 1725 gravissimo
835 1688 930 1725 ipsum
955 1698 1072 1727 quoque
1096 1688 1266 1726 Thucydide

200 1750 282 1769 usum
307 1749 380 1775 esse,
403 1739 490 1768 nimis
513 1740 699 1777 rhythmicae
730 1743 827 1768 autem
853 1739 962 1776 Gorgia
985 1743 1014 1768 et
1036 1739 1265 1778 Thrasymacho,

199 1791 312 1820 mediae
334 1791 481 1826 Isocrate,
514 1793 550 1820 cf.
575 1791 724 1820 Ciceronis
748 1791 829 1820 Orat.
852 1792 883 1827 ἐξ
902 1793 1045 1826 38—40,
1081 1791 1265 1826 174—176;

200 1843 307 1882 quibus
337 1843 409 1872 locis
438 1842 659 1880 Theophrastea
687 1843 761 1871 tradi
794 1843 878 1871 Blass
901 1844 962 1871 Att.
987 1843 1210 1872 Beredsamkeit
1234 1844 1265 1871 ΙΙ

199 1904 228 1931 p.
248 1896 305 1922 120
330 1894 398 1922 inde
427 1895 580 1929 conclusit,
613 1895 690 1933 quod
722 1896 791 1930 §39
817 1894 1039 1932 Theophrastus
1063 1895 1198 1923 laudatur
1220 1895 1266 1923 his

200 1945 300 1974 verbis
323 1945 504 1984 „primisque
527 1947 563 1974 ab
587 1945 633 1974 his
656 1946 708 1982 (sc.
733 1946 885 1974 Herodoto
909 1949 939 1974 et
953 1946 1146 1984 Thucydide),
1170 1950 1202 1974 ut
1224 1946 1267 1974 ait

200 1996 429 2033 Theophrastus,
452 1997 577 2026 historia
599 2000 744 2026 commota
767 2000 812 2026 est
834 2001 866 2026 ut
889 1998 1011 2026 auderet
1034 1998 1153 2026 uberius
1177 2006 1264 2036 quam

201 2048 366 2085 superiores
390 2051 419 2077 et
442 2049 575 2078 ornatius
598 2049 722 2079 dicere“.
