1525 2530
603 279 624 281 Ἀ
674 261 707 292 n
760 280 797 282 >-

155 344 405 387 μεγαλοπρεπὲς
437 350 468 377 et
497 344 660 387 γλαφυρὸν
690 345 868 386 significata
900 356 969 377 esse
1000 355 1093 385 posse
1117 344 1214 375 mani-

155 402 271 434 festum
306 406 372 439 est,
403 403 590 440 praesertim
623 412 691 433 cum
717 403 812 434 etiam
837 413 854 433 e
880 402 1020 441 Dionysii
1044 400 1214 440 generibus

156 467 253 489 unum
277 456 428 497 Syrianus
452 455 550 497 ἁδρὸν
581 462 689 496 vocet,
720 468 783 498 qua
816 467 890 488 voce
921 467 1020 495 genus
1049 456 1175 488 «licendi
1197 466 1216 486 a

156 512 310 554 Dionysio
342 513 460 544 nullum
485 523 616 553 usquam
651 514 803 553 appellari
836 514 925 545 Liers
949 513 1041 544 docet
1065 511 1215 543 Stilarten

155 579 184 609 p.
204 568 273 600 703.
321 570 426 608 Atque
450 570 545 600 etiam
570 570 609 600 de
634 569 787 601 Demetrii
820 579 934 609 genere
959 568 1135 600 vehementi
1159 566 1216 607 Sy-

156 625 264 656 rianus
288 625 445 664 cogitasse
469 628 592 664 potest,
617 635 795 665 quanquam
820 625 888 656 eius
918 625 985 656 loco
1009 624 1105 655 medii
1130 632 1215 654 men-

156 680 273 712 tionem
290 680 373 712 facit.
422 680 520 711 Erant
543 681 625 712 enim
643 682 695 721 qui
712 680 921 712 elocutionem
939 679 1215 712 Demosthenicam

156 736 213 768 sub
237 746 333 768 unum
366 745 466 776 genus
498 736 634 767 medium
666 737 780 768 cadere
814 740 989 775 censerent,
1014 736 1051 767 cf.
1077 735 1216 767 Pseudo-

157 791 316 824 Plutarch.
342 792 388 823 De
412 792 478 823 vita
502 795 533 823 et
556 793 642 831 poesi
661 792 790 824 Homeri
816 792 855 823 72
878 806 919 816 =
942 791 969 822 V
993 801 1022 831 p.
1044 792 1160 829 119‚51
1177 808 1214 811 —

158 847 255 886 most
291 847 429 886 DUbner,
462 847 519 878 Rh.
545 847 597 879 Gr.
625 848 668 879 W.
694 847 764 887 VII⁷
791 850 803 878 1
831 858 859 887 p.
877 847 1099 886 26‚3—92⁸);
1133 847 1215 878 idem

155 906 262 936 autem
287 903 517 936 Demosthenes
547 912 616 934 eum
648 907 760 934 auctor
782 903 920 943 optimus
950 903 990 934 sit
1015 903 1140 941 generis
1165 912 1216 934 ve-

156 959 312 991 hementis
337 959 548 997 Demetriani,
579 963 707 998 poterat
730 960 800 999 quis
823 963 936 998 putare
959 968 1057 998 genus
1081 959 1216 989 medium

155 1015 239 1047 idem
263 1025 332 1047 esse
356 1024 392 1047 ac
408 1014 586 1047 vehemens.
632 1015 716 1046 Nihil
742 1015 839 1053 igitur
855 1015 961 1046 obstat
984 1024 1022 1046 ne
1047 1015 1085 1046 de
1107 1017 1216 1045 nostro

155 1071 318 1103 Demetrio
342 1072 509 1112 Syrianum
534 1075 681 1110 putemus
706 1071 871 1110 cogitasse.

242 1127 342 1159 Docet
372 1130 478 1158 autem
509 1127 661 1166 syrianus
693 1127 889 1158 Demetrium
922 1129 996 1166 post
1028 1127 1214 1166 Dionysium

156 1182 471 1214 Halicarnassensem
504 1183 679 1222 scripsisse.
736 1182 846 1222 Neque
870 1192 955 1214 mera
980 1182 1162 1213 coniectura
1186 1182 1216 1213 id

156 1238 282 1270 videtur
314 1238 496 1278 collegisse;
527 1248 598 1270 nam
629 1239 654 1270 si
688 1239 745 1270 hoc
777 1239 913 1277 fecisset,
947 1239 1011 1269 veri
1044 1237 1146 1269 simile
1169 1241 1218 1269 est

155 1303 226 1326 eum
265 1295 481 1326 coniecturum
520 1295 618 1326 fuisse
657 1294 851 1326 Demetrium
889 1298 963 1326 ante
1001 1293 1217 1333 Hipparchum

155 1350 337 1390 scripsisse,
361 1360 432 1382 cum
456 1351 506 1382 hic
529 1351 667 1391 quinque
691 1350 868 1382 exhibuerit
891 1359 1026 1389 genera,
1051 1349 1102 1382 inc
1126 1353 1216 1390 quat-

156 1410 238 1446 tuor,
261 1407 432 1447 Dionysius
457 1407 528 1438 tria.

178 1496 195 1524 ”
240 1518 258 1558 ξ
281 1517 331 1550 20.
378 1517 437 1549 His
460 1518 657 1557 argumentis
691 1518 769 1548 satis
800 1517 986 1556 probavisse
1009 1516 1083 1547 mihi
1107 1516 1217 1548 videor

155 1574 350 1606 Demetrium
392 1578 463 1614 post
497 1573 682 1613 Dionysium
715 1573 899 1612 scripsisse3
940 1572 1077 1612 spatium
1110 1575 1216 1604 autem

155 1630 309 1669 temporis
342 1639 402 1661 non
436 1630 584 1669 exiguum
618 1629 701 1660 inter
733 1638 786 1660 eos
824 1629 951 1660 videtur
988 1628 1215 1659 intercessisse.

155 1685 327 1717 Praeterea
361 1686 400 1717 de
425 1685 577 1717 Demetrii
601 1689 707 1716 aetate
739 1683 797 1715 hoc
820 1693 917 1715 unum
942 1683 1088 1715 contendi
1111 1688 1216 1723 potest

214 1801 216 1805 ι
241 1812 295 1843 28)
319 1811 398 1838 Idem
423 1816 511 1850 atque
535 1811 589 1838 hoe
613 1810 775 1847 posteriore
798 1810 864 1837 loeo
889 1814 971 1837 extat
994 1809 1024 1836 in
1047 1808 1217 1846 Tryphonis

155 1861 255 1890 libello
280 1861 330 1901 qui
361 1866 406 1890 est
429 1862 464 1890 de
497 1862 590 1898 tropis
612 1861 668 1890 Rh.
685 1860 732 1888 Gr.
752 1860 891 1889 W.V111
915 1870 942 1897 p.
962 1861 1031 1895 750,
1048 1869 1123 1891 3—8.
1163 1861 1218 1889 Rh.

156 1912 205 1942 Gr.
236 1912 286 1950 Sp.
309 1913 360 1941 III
390 1923 419 1950 p.
445 1916 514 1948 201,
539 1922 641 1947 6—11,
680 1921 776 1950 neque
806 1922 876 1940 vero
908 1912 970 1949 ipse
1000 1910 1129 1948 Trypho.
1161 1911 1218 1940 hoo

155 1964 288 2001 scripsit;
323 1974 387 1993 cum
419 1965 495 1992 enim
520 1964 556 1992 ab
581 1963 719 1992 universa
749 1972 789 1998 re,
821 1964 856 1991 de
880 1973 938 2002 qua
968 1963 1068 1991 rhetor
1091 1963 1216 1998 disserit,

154 2015 211 2044 hoc
232 2025 353 2070 Ρξρὲἓυε
382 2015 510 2044 alienum
535 2015 581 2050 sit,
612 2015 648 2043 ab
672 2015 882 2052 interpolatore
915 2014 1046 2043 additum
1078 2023 1141 2043 esse
1164 2024 1217 2051 pu-

155 2053 452 2119 tanti-umflestsqstod
477 2066 605 2118 Spgggel
629 2065 778 2100 indicavit,
801 2066 942 2094 Hammer
965 2076 992 2103 p.
1014 2067 1050 2094 18
1076 2065 1216 2102 neglexit.

473 2186 491 2214 ..¹
509 2198 537 2208 §-
