1525 2530
173 321 349 354 elocutione
372 322 546 355 artificiosa
576 332 656 362 opus
691 332 760 354 esse
783 326 912 354 censent
942 324 974 353 et
997 321 1152 361 imprimis
1176 320 1237 352 De-

173 379 348 410 mosthenis
379 379 583 411 elocutionem
619 388 742 410 summa
773 383 842 410 arte
872 377 1045 418 perfectam
1080 387 1150 410 esse
1182 378 1237 408 do-

173 436 275 467 cent.“

259 490 374 522 Verum
407 494 456 522 est
479 490 731 522 Alcidamantem
763 495 795 521 et
820 489 1023 521 Aristotelem
1053 490 1165 521 docere
1197 489 1238 520 ad

172 555 226 577 eas
250 546 409 578 orationes
433 556 513 586 quae
537 547 686 578 dicantur
717 545 923 577 elocutionem
949 544 1152 576 artificiosam
1178 554 1236 575 non

173 601 348 633 convenire.
394 602 589 634 Demetrium
614 607 720 633 autem
739 601 832 633 aliter
855 602 974 633 sentire
998 601 1037 633 de
1060 601 1238 632 vehementi

172 666 286 696 genere
310 658 371 689 iam
396 658 470 690 inde
486 662 632 698 apparet,
656 658 739 697 quod
764 658 794 689 in
819 658 858 689 iis
878 667 958 697 quae
982 657 1020 688 de
1044 657 1102 688 hoc
1125 666 1239 697 genere

172 713 301 752 exponit
335 713 557 745 Demosthenis
592 713 818 751 elocutionem,
856 722 936 753 quae
970 712 1143 745 artificiosa
1181 716 1239 751 est,

173 773 340 809 tantopere
362 770 501 809 respicit.
549 770 639 807 Quod
663 774 768 801 autem
792 769 882 801 Liers
906 773 1000 809 putat
1023 773 1134 807 artem,
1159 778 1239 808 quae

172 825 202 856 in
235 825 411 857 elocutione
446 825 690 857 Demosthenica
720 826 812 864 insit,
853 825 1012 865 prioribus
1043 825 1239 864 temporibus

173 890 232 912 non
256 890 325 913 esse
348 882 613 919 animadversam,
644 886 674 912 et
699 881 781 913 hanc
813 881 852 913 ob
884 891 1011 913 causam
1036 881 1238 913 Aristotelem

174 936 396 969 Demosthenis
413 938 567 969 rationem
592 937 709 968 nullam
735 936 895 977 habuisse,
920 937 952 968 id
970 946 1100 976 prorsus
1124 936 1238 969 falsum

172 997 230 1024 est.
282 993 382 1032 Nam,
414 997 449 1024 ut
480 1002 540 1024 non
572 993 674 1024 dicam
708 993 759 1024 vix
789 1002 882 1032 posse
913 992 1054 1032 intellegi
1085 993 1240 1033 quomodo

172 1048 315 1080 homines
338 1048 448 1089 fugere
468 1049 608 1088 potuerit
631 1049 838 1080 elocutionem
857 1048 1133 1080 Demosthenicam
1159 1049 1239 1080 artis

175 1103 298 1144 plenam
330 1114 408 1143 esse,
439 1105 501 1136 iam
526 1105 698 1137 Aeschines
729 1105 810 1136 hanc
843 1109 944 1136 artem
968 1105 1079 1143 sensit,
1111 1104 1148 1136 cf.
1172 1105 1240 1136 eius

174 1165 255 1191 orat.
278 1161 307 1199 2,
325 1165 341 1189 4
377 1158 566 1203 ,ἐφοβῇϋῃν
583 1185 687 1192 .....
710 1158 755 1202 μή
778 1172 861 1198 τινες
886 1158 972 1201 ἱμῶν
996 1156 1177 1202 ἀγνοήσωσί
1199 1172 1240 1200 με

178 1214 467 1257 ψυχαγωγηθέντες
504 1219 575 1254 τοῖς
608 1215 930 1258 ἐπιιβεβοιλειχιιένοις
968 1216 1022 1248 καὶ
1060 1215 1236 1259 κακοήθεσι

174 1269 299 1308 τούτοις
323 1267 528 1309 ἀντιθέτοις(
552 1278 584 1304 et
608 1273 636 1311 3,
656 1277 714 1302 229
740 1270 837 1311 „grew
861 1269 892 1303 δ’
919 1271 955 1312 ἐξ
972 1269 1140 1313 ὀνομάτων
1164 1284 1239 1313 ory-

174 1325 320 1367 κείμενος
342 1325 531 1369 ἅνθρωπος,
555 1328 609 1360 καὶ
638 1327 755 1360 coia-mv
772 1330 896 1370 πικρῶν
919 1328 973 1360 καὶ
998 1328 1239 1371 περιέργων,

174 1380 289 1414 ἔπειτα
313 1381 369 1414 ἐπὶ
394 1382 448 1426 τὴν
472 1381 640 1426 ἁγιλίτῃα
664 1383 717 1415 καὶ
742 1384 781 1416 τὰ
809 1382 886 1427 ἔργα
910 1383 1105 1428 καταφεύγιιι,
1128 1384 1179 1423 τίς
1201 1382 1241 1416 ἂν

174 1435 304 1478 ἀνάσχω
314 1442 390 1477 co,·“
420 1440 528 1480 Neque
552 1441 682 1472 dubium
707 1450 777 1473 esse
800 1441 877 1472 mihi
905 1442 1039 1480 videtur,
1063 1442 1138 1481 quin
1163 1441 1239 1473 haec

175 1505 227 1527 ars
262 1496 333 1535 ipsa
369 1496 536 1528 Aristoteli
570 1497 784 1537 displicuerit,
821 1497 968 1537 quoniam
1005 1507 1072 1529 eam
1110 1498 1150 1529 ad
1185 1507 1239 1529 eas

174 1551 334 1583 orationes
371 1561 452 1592 quae
483 1552 634 1584 dicuntur
669 1562 729 1584 non
763 1554 929 1585 convenire
967 1554 1067 1585 docet.
1130 1553 1238 1593 Ipsum

175 1612 280 1639 autem
321 1608 516 1639 Demetrium
555 1608 632 1640 bene
669 1609 852 1648 cognovisse
887 1609 1129 1641 Demosthenem
1170 1613 1239 1641 arte

175 1673 264 1695 usum
289 1673 359 1695 esse
389 1664 419 1694 in
444 1664 620 1695 elocutione
651 1665 724 1696 inde
753 1668 903 1705 apparet,
936 1666 1019 1705 quod
1043 1665 1160 1697 multas
1192 1666 1239 1697 di-

175 1719 295 1751 ctiones
312 1718 550 1751 artificiosiores
565 1720 718 1760 exemplis
733 1730 769 1752 ex
789 1720 874 1752 illius
887 1721 1085 1753 orationibus
1102 1723 1239 1762 sumptis

174 1775 326 1814 illustrat,
357 1779 392 1806 ut
415 1774 535 1815 figuras
569 1777 606 1815 ἕξ
630 1776 800 1808 263—270
832 1782 863 1808 et
894 1786 948 1808 eas
980 1777 1135 1809 dictiones
1159 1787 1240 1818 quae

174 1831 269 1862 etiam
293 1831 324 1862 in
341 1841 454 1871 genere
478 1832 605 1863 sublimi
629 1832 730 1863 locum
756 1832 875 1864 habent
899 1833 936 1873 ἕξ
952 1833 1015 1864 272
1032 1843 1096 1873 seq.
1132 1833 1240 1874 Neque

174 1887 273 1926 igitur
302 1897 321 1918 a
354 1897 468 1927 genere
491 1888 669 1920 vehementi
701 1892 801 1920 artem
825 1890 951 1920 omnino
982 1889 1153 1921 abhorrere
1178 1890 1239 1921 De-

175 1943 306 1974 metrius
330 1943 430 1982 docet,
460 1944 517 1975 sed
549 1948 673 1975 tantum
709 1949 808 1976 artem
832 1946 977 1983 nimiam3
1011 1955 1111 1985 neque
1141 1947 1170 1977 iu
1205 1956 1240 1977 eo

176 1999 309 2030 maxime
332 1999 438 2031 valere
454 2005 600 2031 naturam
625 2001 737 2040 ipsam,
761 2001 817 2032 sed
834 2005 968 2033 naturae
984 2003 1130 2042 speciem.
1170 2005 1239 2039 Qua

176 2055 205 2085 in
233 2065 264 2086 re
288 2064 418 2095 prorsus
436 2057 593 2088 consentit
617 2066 686 2088 cum
709 2057 860 2097 Dionysio
877 2057 977 2089 Halie.
1003 2061 1035 2089 et
1054 2059 1239 2098 posteriori-
