<?xml version="1.0" encoding="UTF-8"?>
<!DOCTYPE html PUBLIC "-//W3C//DTD XHTML 1.0 Transitional//EN"
    "http://www.w3.org/TR/xhtml1/DTD/xhtml1-transitional.dtd">
<html xmlns="http://www.w3.org/1999/xhtml" xml:lang="en" lang="en">
 <head>
  <title>
</title>
<meta http-equiv="Content-Type" content="text/html;charset=utf-8" />
  <meta name='ocr-system' content='tesseract 3.04.00' />
  <meta name='ocr-capabilities' content='ocr_page ocr_carea ocr_par ocr_line ocrx_word'/>
</head>
<body>
  <div class='ocr_page' id='page_1' title='image "./dedemetriirhetor00altsuoft_0022.png"; bbox 0 0 1525 2530; ppageno 0'>
   <div class='ocr_carea' id='block_1_1' title="bbox 710 251 919 282">
    <p class='ocr_par' dir='ltr' id='par_1_1' title="bbox 710 251 919 282">
     <span class='ocr_line' id='line_1_1' title="bbox 710 251 919 282; baseline -0.005 -7"><span class='ocrx_word' id='word_1_1' title='bbox 710 251 919 282; x_wconf 58' lang='grc'>,14-</span> 
     </span>
    </p>
   </div>
   <div class='ocr_carea' id='block_1_2' title="bbox 1128 0 1525 319">
    <p class='ocr_par' dir='ltr' id='par_1_2' title="bbox 1128 0 1525 319">
     <span class='ocr_line' id='line_1_2' title="bbox 1128 0 1525 319; baseline 0 2211"><span class='ocrx_word' id='word_1_2' title='bbox 1128 0 1525 319; x_wconf 95' lang='lat' dir='ltr'><strong> </strong></span> 
     </span>
    </p>
   </div>
   <div class='ocr_carea' id='block_1_3' title="bbox 279 336 1346 822">
    <p class='ocr_par' dir='ltr' id='par_1_3' title="bbox 279 336 1346 822">
     <span class='ocr_line' id='line_1_3' title="bbox 282 336 1345 378; baseline 0.001 -9"><span class='ocrx_word' id='word_1_3' title='bbox 282 338 349 369; x_wconf 80' lang='lat' dir='ltr'><strong>buS.</strong></span> <span class='ocrx_word' id='word_1_4' title='bbox 394 337 440 370; x_wconf 79' lang='lat' dir='ltr'><strong>Cf.</strong></span> <span class='ocrx_word' id='word_1_5' title='bbox 457 337 585 377; x_wconf 91' lang='lat' dir='ltr'>Dionys.</span> <span class='ocrx_word' id='word_1_6' title='bbox 609 337 657 368; x_wconf 89' lang='lat' dir='ltr'><strong>De</strong></span> <span class='ocrx_word' id='word_1_7' title='bbox 671 337 768 370; x_wconf 86' lang='lat' dir='ltr'><strong>Isocr.</strong></span> <span class='ocrx_word' id='word_1_8' title='bbox 787 337 826 369; x_wconf 88' lang='grc'><strong>12</strong></span> <span class='ocrx_word' id='word_1_9' title='bbox 848 346 878 377; x_wconf 87' lang='lat' dir='ltr'><strong>p.</strong></span> <span class='ocrx_word' id='word_1_10' title='bbox 894 336 957 369; x_wconf 78' lang='lat'><strong>558</strong></span> <span class='ocrx_word' id='word_1_11' title='bbox 980 337 1046 376; x_wconf 64' lang='lat' dir='ltr'><strong>ult„</strong></span> <span class='ocrx_word' id='word_1_12' title='bbox 1069 337 1123 369; x_wconf 91' lang='lat' dir='ltr'><strong>ubi</strong></span> <span class='ocrx_word' id='word_1_13' title='bbox 1146 337 1243 370; x_wconf 86' lang='lat' dir='ltr'><strong>nimia</strong></span> <span class='ocrx_word' id='word_1_14' title='bbox 1264 340 1345 378; x_wconf 87' lang='lat' dir='ltr'><strong>arte,</strong></span> 
     </span>
     <span class='ocr_line' id='line_1_4' title="bbox 281 393 1344 433; baseline 0 -9"><span class='ocrx_word' id='word_1_15' title='bbox 281 403 342 433; x_wconf 83' lang='lat' dir='ltr'><strong>qua</strong></span> <span class='ocrx_word' id='word_1_16' title='bbox 366 394 523 425; x_wconf 82' lang='lat' dir='ltr'><strong>Isocrates</strong></span> <span class='ocrx_word' id='word_1_17' title='bbox 546 394 577 424; x_wconf 91' lang='lat' dir='ltr'><strong>in</strong></span> <span class='ocrx_word' id='word_1_18' title='bbox 601 393 776 424; x_wconf 85' lang='lat' dir='ltr'>elocutione</span> <span class='ocrx_word' id='word_1_19' title='bbox 799 402 875 424; x_wconf 86' lang='lat' dir='ltr'><strong>usus</strong></span> <span class='ocrx_word' id='word_1_20' title='bbox 897 393 949 432; x_wconf 81' lang='lat' dir='ltr'><strong>sit,</strong></span> <span class='ocrx_word' id='word_1_21' title='bbox 984 393 1166 433; x_wconf 70' lang='lat' dir='ltr'><strong>vituperata</strong></span> <span class='ocrx_word' id='word_1_22' title='bbox 1188 393 1266 425; x_wconf 87' lang='lat' dir='ltr'><strong>haec</strong></span> <span class='ocrx_word' id='word_1_23' title='bbox 1288 393 1344 424; x_wconf 87' lang='lat' dir='ltr'><strong>ad-</strong></span> 
     </span>
     <span class='ocr_line' id='line_1_5' title="bbox 281 445 1342 490; baseline 0 -11"><span class='ocrx_word' id='word_1_24' title='bbox 281 449 401 480; x_wconf 87' lang='lat' dir='ltr'><strong>duntur</strong></span> <span class='ocrx_word' id='word_1_25' title='bbox 431 447 626 488; x_wconf 69' lang='lat' dir='ltr'><strong>„zpdz‘unov</strong></span> <span class='ocrx_word' id='word_1_26' title='bbox 657 445 689 478; x_wconf 74' lang='grc' dir='ltr'><strong>δ’</strong></span> <span class='ocrx_word' id='word_1_27' title='bbox 715 446 913 490; x_wconf 65' lang='grc' dir='ltr'><strong><em>ἐπιτήδευμα</em></strong></span> <span class='ocrx_word' id='word_1_28' title='bbox 944 446 976 478; x_wconf 68' lang='grc' dir='ltr'><strong>ἓν</strong></span> <span class='ocrx_word' id='word_1_29' title='bbox 1007 447 1166 490; x_wconf 79' lang='grc' dir='ltr'><strong>διαλέκτῳ</strong></span> <span class='ocrx_word' id='word_1_30' title='bbox 1190 447 1342 489; x_wconf 72' lang='grc' dir='ltr'><strong><em>πολιτικῇ</em></strong></span> 
     </span>
     <span class='ocr_line' id='line_1_6' title="bbox 282 501 1344 545; baseline 0 -11"><span class='ocrx_word' id='word_1_31' title='bbox 282 503 336 535; x_wconf 74' lang='grc' dir='ltr'><strong>καὶ</strong></span> <span class='ocrx_word' id='word_1_32' title='bbox 360 502 521 545; x_wconf 69' lang='grc' dir='ltr'><strong>ἐναγωνίῳ</strong></span> <span class='ocrx_word' id='word_1_33' title='bbox 546 503 581 535; x_wconf 80' lang='grc' dir='ltr'><strong>τὸ</strong></span> <span class='ocrx_word' id='word_1_34' title='bbox 613 501 808 544; x_wconf 66' lang='grc' dir='ltr'><strong><em>ὁμοιότατον</em></strong></span> <span class='ocrx_word' id='word_1_35' title='bbox 835 503 883 545; x_wconf 78' lang='grc' dir='ltr'><strong>τῷ</strong></span> <span class='ocrx_word' id='word_1_36' title='bbox 908 503 991 535; x_wconf 70' lang='grc' dir='ltr'><strong>κατὰ</strong></span> <span class='ocrx_word' id='word_1_37' title='bbox 1013 502 1140 545; x_wconf 81' lang='grc' dir='ltr'><strong><em>(ρι’-σιν“,</em></strong></span> <span class='ocrx_word' id='word_1_38' title='bbox 1171 503 1268 536; x_wconf 82' lang='lat' dir='ltr'><strong>libelli</strong></span> <span class='ocrx_word' id='word_1_39' title='bbox 1291 503 1344 544; x_wconf 90' lang='lat' dir='ltr'><strong>qui</strong></span> 
     </span>
     <span class='ocr_line' id='line_1_7' title="bbox 281 556 1344 600; baseline -0.001 -9"><span class='ocrx_word' id='word_1_40' title='bbox 281 559 462 591; x_wconf 81' lang='lat' dir='ltr'><strong>inscribitur</strong></span> <span class='ocrx_word' id='word_1_41' title='bbox 486 558 561 600; x_wconf 70' lang='grc' dir='ltr'><em>περὶ</em></span> <span class='ocrx_word' id='word_1_42' title='bbox 585 556 690 599; x_wconf 62' lang='grc' dir='ltr'><strong>’ὕψους</strong></span> <span class='ocrx_word' id='word_1_43' title='bbox 712 560 819 600; x_wconf 83' lang='lat' dir='ltr'><strong>capita</strong></span> <span class='ocrx_word' id='word_1_44' title='bbox 845 560 883 591; x_wconf 89' lang='grc'><strong>18</strong></span> <span class='ocrx_word' id='word_1_45' title='bbox 906 565 938 591; x_wconf 88' lang='lat' dir='ltr'><strong>et</strong></span> <span class='ocrx_word' id='word_1_46' title='bbox 960 560 1010 599; x_wconf 80' lang='lat'><strong>22,</strong></span> <span class='ocrx_word' id='word_1_47' title='bbox 1033 560 1202 600; x_wconf 79' lang='lat' dir='ltr'><strong>praecipue</strong></span> <span class='ocrx_word' id='word_1_48' title='bbox 1229 559 1267 592; x_wconf 89' lang='lat'><strong>18</strong></span> <span class='ocrx_word' id='word_1_49' title='bbox 1289 561 1308 599; x_wconf 63' lang='grc' dir='ltr'><strong>ξ</strong></span> <span class='ocrx_word' id='word_1_50' title='bbox 1324 559 1344 590; x_wconf 82' lang='grc'>2</span> 
     </span>
     <span class='ocr_line' id='line_1_8' title="bbox 281 611 1342 657; baseline 0.001 -12"><span class='ocrx_word' id='word_1_51' title='bbox 281 612 368 655; x_wconf 68' lang='grc' dir='ltr'><strong><em>,,ιἰ’γει</em></strong></span> <span class='ocrx_word' id='word_1_52' title='bbox 395 614 456 655; x_wconf 70' lang='grc' dir='ltr'><strong>γὰρ</strong></span> <span class='ocrx_word' id='word_1_53' title='bbox 479 614 520 646; x_wconf 76' lang='grc' dir='ltr'><strong>τὰ</strong></span> <span class='ocrx_word' id='word_1_54' title='bbox 546 614 715 656; x_wconf 68' lang='grc' dir='ltr'><strong><em>παθητικὰ</em></strong></span> <span class='ocrx_word' id='word_1_55' title='bbox 736 613 809 646; x_wconf 82' lang='grc' dir='ltr'><em>τότε</em></span> <span class='ocrx_word' id='word_1_56' title='bbox 829 615 963 655; x_wconf 69' lang='grc' dir='ltr'><strong><em>μᾶλλον,</em></strong></span> <span class='ocrx_word' id='word_1_57' title='bbox 987 612 1064 646; x_wconf 80' lang='grc' dir='ltr'><strong>ὅταν</strong></span> <span class='ocrx_word' id='word_1_58' title='bbox 1086 611 1167 647; x_wconf 63' lang='grc' dir='ltr'><strong>αὐτὰ</strong></span> <span class='ocrx_word' id='word_1_59' title='bbox 1191 613 1342 657; x_wconf 65' lang='grc' dir='ltr'><strong><em>φαίνηται</em></strong></span> 
     </span>
     <span class='ocr_line' id='line_1_9' title="bbox 279 667 1346 713; baseline 0.002 -13"><span class='ocrx_word' id='word_1_60' title='bbox 279 669 322 713; x_wconf 61' lang='grc' dir='ltr'><strong>μ’]</strong></span> <span class='ocrx_word' id='word_1_61' title='bbox 355 668 554 711; x_wconf 67' lang='grc' dir='ltr'><strong>ἐπιτηδεύειν</strong></span> <span class='ocrx_word' id='word_1_62' title='bbox 585 668 684 708; x_wconf 73' lang='grc' dir='ltr'><strong><em>αὐτὸς</em></strong></span> <span class='ocrx_word' id='word_1_63' title='bbox 714 668 731 701; x_wconf 84' lang='grc' dir='ltr'>ὁ</span> <span class='ocrx_word' id='word_1_64' title='bbox 763 669 877 711; x_wconf 76' lang='grc' dir='ltr'><em>λέγων,</em></span> <span class='ocrx_word' id='word_1_65' title='bbox 908 667 992 702; x_wconf 76' lang='grc' dir='ltr'><em>ἀλλὰ</em></span> <span class='ocrx_word' id='word_1_66' title='bbox 1022 670 1133 711; x_wconf 74' lang='grc' dir='ltr'><em>γεννᾶν</em></span> <span class='ocrx_word' id='word_1_67' title='bbox 1163 667 1181 702; x_wconf 85' lang='grc' dir='ltr'>ὁ</span> <span class='ocrx_word' id='word_1_68' title='bbox 1204 668 1346 711; x_wconf 85' lang='grc' dir='ltr'><strong><em>καιρός“,</em></strong></span> 
     </span>
     <span class='ocr_line' id='line_1_10' title="bbox 283 725 1345 767; baseline 0.001 -11"><span class='ocrx_word' id='word_1_69' title='bbox 283 725 510 766; x_wconf 79' lang='lat' dir='ltr'><strong>Hermogenem</strong></span> <span class='ocrx_word' id='word_1_70' title='bbox 536 726 593 758; x_wconf 88' lang='lat' dir='ltr'><strong>Rh.</strong></span> <span class='ocrx_word' id='word_1_71' title='bbox 618 726 671 758; x_wconf 90' lang='lat' dir='ltr'><strong>Gr.</strong></span> <span class='ocrx_word' id='word_1_72' title='bbox 697 726 748 766; x_wconf 89' lang='lat' dir='ltr'><strong>Sp.</strong></span> <span class='ocrx_word' id='word_1_73' title='bbox 769 726 799 758; x_wconf 94' lang='lat' dir='ltr'><strong>II</strong></span> <span class='ocrx_word' id='word_1_74' title='bbox 830 736 860 767; x_wconf 87' lang='lat' dir='ltr'><strong>p.</strong></span> <span class='ocrx_word' id='word_1_75' title='bbox 877 726 948 764; x_wconf 83' lang='lat'>379,</span> <span class='ocrx_word' id='word_1_76' title='bbox 973 725 1130 765; x_wconf 77' lang='lat'>28-380‚</span> <span class='ocrx_word' id='word_1_77' title='bbox 1155 731 1188 764; x_wconf 84' lang='lat'><strong>8;</strong></span> <span class='ocrx_word' id='word_1_78' title='bbox 1219 725 1345 766; x_wconf 79' lang='lat' dir='ltr'><strong>Anony-</strong></span> 
     </span>
     <span class='ocr_line' id='line_1_11' title="bbox 282 781 1184 822; baseline 0.002 -10"><span class='ocrx_word' id='word_1_79' title='bbox 282 791 366 812; x_wconf 91' lang='lat' dir='ltr'><strong>mum</strong></span> <span class='ocrx_word' id='word_1_80' title='bbox 391 781 617 822; x_wconf 85' lang='lat' dir='ltr'><strong>Seguerianum</strong></span> <span class='ocrx_word' id='word_1_81' title='bbox 642 782 700 814; x_wconf 81' lang='lat' dir='ltr'><strong>Rh.</strong></span> <span class='ocrx_word' id='word_1_82' title='bbox 725 782 780 814; x_wconf 88' lang='lat' dir='ltr'><strong>Gr.</strong></span> <span class='ocrx_word' id='word_1_83' title='bbox 803 781 856 822; x_wconf 90' lang='lat' dir='ltr'><strong>Sp.</strong></span> <span class='ocrx_word' id='word_1_84' title='bbox 880 782 895 813; x_wconf 93' lang='lat'><em>1</em></span> <span class='ocrx_word' id='word_1_85' title='bbox 919 791 947 821; x_wconf 91' lang='lat' dir='ltr'><strong>p.</strong></span> <span class='ocrx_word' id='word_1_86' title='bbox 964 782 1037 820; x_wconf 77' lang='lat'>439,</span> <span class='ocrx_word' id='word_1_87' title='bbox 1066 785 1110 813; x_wconf 90' lang='lat'><strong>11.</strong></span> <span class='ocrx_word' id='word_1_88' title='bbox 1137 785 1184 814; x_wconf 84' lang='lat'><strong>12.</strong></span> 
     </span>
    </p>
   </div>
   <div class='ocr_carea' id='block_1_4' title="bbox 281 892 1349 2103">
    <p class='ocr_par' dir='ltr' id='par_1_4' title="bbox 281 892 1349 2103">
     <span class='ocr_line' id='line_1_12' title="bbox 366 892 1346 934; baseline -0.002 -9"><span class='ocrx_word' id='word_1_89' title='bbox 366 895 384 933; x_wconf 65' lang='grc' dir='ltr'>ξ</span> <span class='ocrx_word' id='word_1_90' title='bbox 407 893 436 926; x_wconf 89' lang='grc'><strong>5.</strong></span> <span class='ocrx_word' id='word_1_91' title='bbox 482 893 572 925; x_wconf 88' lang='lat' dir='ltr'><strong>Liers</strong></span> <span class='ocrx_word' id='word_1_92' title='bbox 589 893 740 925; x_wconf 86' lang='lat' dir='ltr'><strong>Stilarten</strong></span> <span class='ocrx_word' id='word_1_93' title='bbox 757 903 787 934; x_wconf 87' lang='lat' dir='ltr'><strong>p.</strong></span> <span class='ocrx_word' id='word_1_94' title='bbox 804 892 867 925; x_wconf 71' lang='lat'><strong>696</strong></span> <span class='ocrx_word' id='word_1_95' title='bbox 883 893 991 933; x_wconf 87' lang='lat' dir='ltr'><strong>„Auch</strong></span> <span class='ocrx_word' id='word_1_96' title='bbox 1009 892 1248 933; x_wconf 85' lang='lat' dir='ltr'><strong>Theophrastos</strong></span> <span class='ocrx_word' id='word_1_97' title='bbox 1262 892 1346 924; x_wconf 82' lang='lat' dir='ltr'><strong>kann</strong></span> 
     </span>
     <span class='ocr_line' id='line_1_13' title="bbox 282 948 1346 989; baseline 0.001 -10"><span class='ocrx_word' id='word_1_98' title='bbox 282 949 334 979; x_wconf 89' lang='lat' dir='ltr'><strong>die</strong></span> <span class='ocrx_word' id='word_1_99' title='bbox 350 949 455 980; x_wconf 89' lang='lat' dir='ltr'><strong>Kunst</strong></span> <span class='ocrx_word' id='word_1_100' title='bbox 471 950 526 981; x_wconf 86' lang='lat' dir='ltr'><strong>des</strong></span> <span class='ocrx_word' id='word_1_101' title='bbox 543 949 772 981; x_wconf 87' lang='lat' dir='ltr'><strong>Demosthenes</strong></span> <span class='ocrx_word' id='word_1_102' title='bbox 789 949 875 981; x_wconf 89' lang='lat' dir='ltr'><strong>nicht</strong></span> <span class='ocrx_word' id='word_1_103' title='bbox 890 949 971 981; x_wconf 91' lang='lat' dir='ltr'><strong>hoch</strong></span> <span class='ocrx_word' id='word_1_104' title='bbox 987 948 1216 989; x_wconf 82' lang='lat' dir='ltr'><strong>angeschlagen</strong></span> <span class='ocrx_word' id='word_1_105' title='bbox 1233 948 1346 987; x_wconf 86' lang='lat' dir='ltr'><strong>haben,</strong></span> 
     </span>
     <span class='ocr_line' id='line_1_14' title="bbox 283 1003 1346 1045; baseline 0 -10"><span class='ocrx_word' id='word_1_106' title='bbox 283 1014 367 1036; x_wconf 85' lang='lat' dir='ltr'><strong>wenn</strong></span> <span class='ocrx_word' id='word_1_107' title='bbox 400 1014 434 1035; x_wconf 90' lang='lat' dir='ltr'><strong>cr</strong></span> <span class='ocrx_word' id='word_1_108' title='bbox 466 1005 525 1037; x_wconf 88' lang='lat' dir='ltr'><strong>den</strong></span> <span class='ocrx_word' id='word_1_109' title='bbox 550 1005 708 1037; x_wconf 85' lang='lat' dir='ltr'><strong>Demades</strong></span> <span class='ocrx_word' id='word_1_110' title='bbox 740 1005 816 1036; x_wconf 82' lang='lat' dir='ltr'><strong>iiber</strong></span> <span class='ocrx_word' id='word_1_111' title='bbox 842 1006 935 1045; x_wconf 88' lang='lat' dir='ltr'><strong>jenen</strong></span> <span class='ocrx_word' id='word_1_112' title='bbox 967 1005 1072 1037; x_wconf 89' lang='lat' dir='ltr'><strong>stellte</strong></span> <span class='ocrx_word' id='word_1_113' title='bbox 1095 1004 1261 1043; x_wconf 82' lang='lat' dir='ltr'><strong>(Plutarch</strong></span> <span class='ocrx_word' id='word_1_114' title='bbox 1286 1003 1346 1035; x_wconf 92' lang='lat' dir='ltr'><strong>De-</strong></span> 
     </span>
     <span class='ocr_line' id='line_1_15' title="bbox 282 1059 1347 1100; baseline 0.001 -10"><span class='ocrx_word' id='word_1_115' title='bbox 282 1060 393 1092; x_wconf 89' lang='lat' dir='ltr'><strong>mosth.</strong></span> <span class='ocrx_word' id='word_1_116' title='bbox 419 1060 482 1100; x_wconf 92' lang='lat'>10).</span> <span class='ocrx_word' id='word_1_117' title='bbox 528 1060 652 1092; x_wconf 87' lang='lat' dir='ltr'><strong>Diesem</strong></span> <span class='ocrx_word' id='word_1_118' title='bbox 684 1061 808 1093; x_wconf 89' lang='lat' dir='ltr'><strong>Urtheil</strong></span> <span class='ocrx_word' id='word_1_119' title='bbox 839 1060 986 1092; x_wconf 85' lang='lat' dir='ltr'><strong>schliesst</strong></span> <span class='ocrx_word' id='word_1_120' title='bbox 1018 1060 1084 1092; x_wconf 90' lang='lat' dir='ltr'><strong>sich</strong></span> <span class='ocrx_word' id='word_1_121' title='bbox 1115 1059 1254 1092; x_wconf 84' lang='lat' dir='ltr'><strong>offenbar</strong></span> <span class='ocrx_word' id='word_1_122' title='bbox 1285 1059 1347 1090; x_wconf 89' lang='lat' dir='ltr'><strong>De-</strong></span> 
     </span>
     <span class='ocr_line' id='line_1_16' title="bbox 281 1114 1346 1154; baseline 0 -8"><span class='ocrx_word' id='word_1_123' title='bbox 281 1116 410 1147; x_wconf 88' lang='lat' dir='ltr'><strong>metrios</strong></span> <span class='ocrx_word' id='word_1_124' title='bbox 433 1125 482 1154; x_wconf 88' lang='lat' dir='ltr'><strong>an,</strong></span> <span class='ocrx_word' id='word_1_125' title='bbox 505 1116 639 1148; x_wconf 89' lang='lat' dir='ltr'><strong>welcher</strong></span> <span class='ocrx_word' id='word_1_126' title='bbox 662 1116 713 1148; x_wconf 92' lang='lat' dir='ltr'><strong>die</strong></span> <span class='ocrx_word' id='word_1_127' title='bbox 736 1115 980 1148; x_wconf 88' lang='lat' dir='ltr'><strong>Beredsamkeit</strong></span> <span class='ocrx_word' id='word_1_128' title='bbox 1002 1116 1058 1148; x_wconf 87' lang='lat' dir='ltr'><strong>des</strong></span> <span class='ocrx_word' id='word_1_129' title='bbox 1079 1115 1237 1148; x_wconf 87' lang='lat' dir='ltr'><strong>Demades</strong></span> <span class='ocrx_word' id='word_1_130' title='bbox 1260 1114 1346 1147; x_wconf 85' lang='lat' dir='ltr'><strong>einer</strong></span> 
     </span>
     <span class='ocr_line' id='line_1_17' title="bbox 283 1170 1347 1212; baseline 0.001 -11"><span class='ocrx_word' id='word_1_131' title='bbox 283 1171 413 1210; x_wconf 68' lang='lat' dir='ltr'><strong>laugern</strong></span> <span class='ocrx_word' id='word_1_132' title='bbox 438 1171 663 1211; x_wconf 85' lang='lat' dir='ltr'><strong>Besprechung</strong></span> <span class='ocrx_word' id='word_1_133' title='bbox 687 1172 823 1211; x_wconf 80' lang='lat' dir='ltr'><strong>wiirdigt</strong></span> <span class='ocrx_word' id='word_1_134' title='bbox 853 1172 905 1212; x_wconf 61' lang='grc' dir='ltr'><strong>(ἓξ</strong></span> <span class='ocrx_word' id='word_1_135' title='bbox 922 1170 1117 1211; x_wconf 77' lang='grc'>282-286),</span> <span class='ocrx_word' id='word_1_136' title='bbox 1147 1171 1207 1203; x_wconf 89' lang='lat' dir='ltr'><strong>den</strong></span> <span class='ocrx_word' id='word_1_137' title='bbox 1232 1171 1347 1202; x_wconf 89' lang='lat' dir='ltr'><strong>Demo—</strong></span> 
     </span>
     <span class='ocr_line' id='line_1_18' title="bbox 284 1227 1349 1267; baseline 0.001 -10"><span class='ocrx_word' id='word_1_138' title='bbox 284 1227 411 1259; x_wconf 79' lang='lat' dir='ltr'><strong>sthenes</strong></span> <span class='ocrx_word' id='word_1_139' title='bbox 441 1227 517 1259; x_wconf 88' lang='lat' dir='ltr'><strong>aber</strong></span> <span class='ocrx_word' id='word_1_140' title='bbox 546 1227 696 1267; x_wconf 86' lang='lat' dir='ltr'><strong>nirgends</strong></span> <span class='ocrx_word' id='word_1_141' title='bbox 727 1227 879 1258; x_wconf 82' lang='lat' dir='ltr'><strong>riihmend</strong></span> <span class='ocrx_word' id='word_1_142' title='bbox 904 1227 1111 1265; x_wconf 86' lang='lat' dir='ltr'><strong>hervorhebt;</strong></span> <span class='ocrx_word' id='word_1_143' title='bbox 1142 1227 1246 1267; x_wconf 77' lang='lat'>§250</span> <span class='ocrx_word' id='word_1_144' title='bbox 1276 1230 1349 1267; x_wconf 76' lang='lat' dir='ltr'><strong>sagt</strong></span> 
     </span>
     <span class='ocr_line' id='line_1_19' title="bbox 283 1280 1347 1325; baseline -0.001 -12"><span class='ocrx_word' id='word_1_145' title='bbox 283 1293 317 1314; x_wconf 75' lang='lat' dir='ltr'><strong>er</strong></span> <span class='ocrx_word' id='word_1_146' title='bbox 354 1292 448 1323; x_wconf 74' lang='lat' dir='ltr'><strong>sogal·</strong></span> <span class='ocrx_word' id='word_1_147' title='bbox 488 1292 546 1314; x_wconf 87' lang='lat' dir='ltr'><strong>von</strong></span> <span class='ocrx_word' id='word_1_148' title='bbox 585 1283 667 1314; x_wconf 89' lang='lat' dir='ltr'><strong>ihm:</strong></span> <span class='ocrx_word' id='word_1_149' title='bbox 706 1284 946 1321; x_wconf 65' lang='grc' dir='ltr'><strong><em>κακοτεχνοὶῗντι</em></strong></span> <span class='ocrx_word' id='word_1_150' title='bbox 981 1281 1042 1323; x_wconf 73' lang='grc' dir='ltr'><strong>γὰρ</strong></span> <span class='ocrx_word' id='word_1_151' title='bbox 1080 1280 1164 1314; x_wconf 79' lang='grc' dir='ltr'><strong><em>ἔοικε</em></strong></span> <span class='ocrx_word' id='word_1_152' title='bbox 1202 1281 1257 1314; x_wconf 70' lang='lat' dir='ltr'><strong>dui</strong></span> <span class='ocrx_word' id='word_1_153' title='bbox 1290 1281 1347 1325; x_wconf 77' lang='grc' dir='ltr'><strong>τὴν</strong></span> 
     </span>
     <span class='ocr_line' id='line_1_20' title="bbox 283 1334 1347 1379; baseline 0.002 -11"><span class='ocrx_word' id='word_1_154' title='bbox 283 1335 522 1376; x_wconf 64' lang='grc' dir='ltr'><strong><em>ἀνῑιιπόδοσιν,</em></strong></span> <span class='ocrx_word' id='word_1_155' title='bbox 557 1338 681 1379; x_wconf 76' lang='grc' dir='ltr'><strong><em>μᾶλλον</em></strong></span> <span class='ocrx_word' id='word_1_156' title='bbox 719 1338 754 1369; x_wconf 67' lang='grc' dir='ltr'><strong>δέ</strong></span> <span class='ocrx_word' id='word_1_157' title='bbox 790 1337 958 1377; x_wconf 70' lang='grc' dir='ltr'><strong><em>παίζοντι,</em></strong></span> <span class='ocrx_word' id='word_1_158' title='bbox 990 1335 1045 1370; x_wconf 73' lang='grc' dir='ltr'><strong>οὐκ</strong></span> <span class='ocrx_word' id='word_1_159' title='bbox 1087 1334 1347 1379; x_wconf 72' lang='grc' dir='ltr'><strong><em>ἅγανακτοῦνει.“</em></strong></span> 
     </span>
     <span class='ocr_line' id='line_1_21' title="bbox 282 1394 1347 1435; baseline 0.002 -11"><span class='ocrx_word' id='word_1_160' title='bbox 282 1396 399 1426; x_wconf 74' lang='lat' dir='ltr'><strong>Contra</strong></span> <span class='ocrx_word' id='word_1_161' title='bbox 435 1395 515 1426; x_wconf 86' lang='lat' dir='ltr'><strong>haec</strong></span> <span class='ocrx_word' id='word_1_162' title='bbox 553 1395 685 1426; x_wconf 86' lang='lat' dir='ltr'><strong>dicenda</strong></span> <span class='ocrx_word' id='word_1_163' title='bbox 723 1399 797 1425; x_wconf 88' lang='lat' dir='ltr'><strong>sunt</strong></span> <span class='ocrx_word' id='word_1_164' title='bbox 840 1394 1011 1434; x_wconf 85' lang='lat' dir='ltr'><strong>complura.</strong></span> <span class='ocrx_word' id='word_1_165' title='bbox 1079 1395 1112 1434; x_wconf 91' lang='lat'><strong>1)</strong></span> <span class='ocrx_word' id='word_1_166' title='bbox 1149 1395 1226 1426; x_wconf 88' lang='lat' dir='ltr'><strong>Inde</strong></span> <span class='ocrx_word' id='word_1_167' title='bbox 1263 1395 1347 1435; x_wconf 89' lang='lat' dir='ltr'><strong>quod</strong></span> 
     </span>
     <span class='ocr_line' id='line_1_22' title="bbox 283 1449 1346 1490; baseline 0 -9"><span class='ocrx_word' id='word_1_168' title='bbox 283 1449 521 1490; x_wconf 82' lang='lat' dir='ltr'><strong>Theophrastus</strong></span> <span class='ocrx_word' id='word_1_169' title='bbox 547 1449 820 1481; x_wconf 69' lang='lat' dir='ltr'><strong>Demosthenicum</strong></span> <span class='ocrx_word' id='word_1_170' title='bbox 851 1449 1061 1490; x_wconf 83' lang='lat' dir='ltr'><strong>eloquentiam</strong></span> <span class='ocrx_word' id='word_1_171' title='bbox 1094 1450 1223 1482; x_wconf 88' lang='lat' dir='ltr'><strong>minoris</strong></span> <span class='ocrx_word' id='word_1_172' title='bbox 1252 1459 1346 1490; x_wconf 90' lang='lat' dir='ltr'><strong>quam</strong></span> 
     </span>
     <span class='ocr_line' id='line_1_23' title="bbox 284 1505 1347 1546; baseline 0.001 -10"><span class='ocrx_word' id='word_1_173' title='bbox 284 1505 475 1536; x_wconf 75' lang='lat' dir='ltr'><strong>Deuiadeam</strong></span> <span class='ocrx_word' id='word_1_174' title='bbox 499 1506 698 1543; x_wconf 83' lang='lat' dir='ltr'><strong>aestimavit,</strong></span> <span class='ocrx_word' id='word_1_175' title='bbox 733 1515 790 1537; x_wconf 90' lang='lat' dir='ltr'><strong>non</strong></span> <span class='ocrx_word' id='word_1_176' title='bbox 815 1506 956 1546; x_wconf 82' lang='lat' dir='ltr'><strong>sequitur</strong></span> <span class='ocrx_word' id='word_1_177' title='bbox 989 1509 1023 1537; x_wconf 90' lang='lat' dir='ltr'><strong>ut</strong></span> <span class='ocrx_word' id='word_1_178' title='bbox 1046 1505 1136 1546; x_wconf 86' lang='lat' dir='ltr'><strong>parvi</strong></span> <span class='ocrx_word' id='word_1_179' title='bbox 1160 1515 1229 1538; x_wconf 84' lang='lat' dir='ltr'><strong>eam</strong></span> <span class='ocrx_word' id='word_1_180' title='bbox 1252 1506 1347 1537; x_wconf 85' lang='lat' dir='ltr'><strong>aesti-</strong></span> 
     </span>
     <span class='ocr_line' id='line_1_24' title="bbox 286 1557 1348 1604; baseline 0.001 -13"><span class='ocrx_word' id='word_1_181' title='bbox 286 1561 429 1592; x_wconf 84' lang='lat' dir='ltr'><strong>maverit.</strong></span> <span class='ocrx_word' id='word_1_182' title='bbox 489 1561 649 1600; x_wconf 89' lang='lat' dir='ltr'><strong>(Ceterum</strong></span> <span class='ocrx_word' id='word_1_183' title='bbox 685 1570 765 1600; x_wconf 83' lang='lat' dir='ltr'><strong>quae</strong></span> <span class='ocrx_word' id='word_1_184' title='bbox 802 1561 844 1592; x_wconf 83' lang='lat' dir='ltr'><strong>sit</strong></span> <span class='ocrx_word' id='word_1_185' title='bbox 878 1561 925 1592; x_wconf 90' lang='lat' dir='ltr'><strong>vis</strong></span> <span class='ocrx_word' id='word_1_186' title='bbox 959 1561 1124 1592; x_wconf 90' lang='lat' dir='ltr'><strong>verborum</strong></span> <span class='ocrx_word' id='word_1_187' title='bbox 1164 1557 1256 1600; x_wconf 76' lang='grc' dir='ltr'><strong><em>ἔίξιος</em></strong></span> <span class='ocrx_word' id='word_1_188' title='bbox 1290 1560 1348 1604; x_wconf 79' lang='grc' dir='ltr'><strong>τῆς</strong></span> 
     </span>
     <span class='ocr_line' id='line_1_25' title="bbox 287 1615 1347 1657; baseline 0.004 -11"><span class='ocrx_word' id='word_1_189' title='bbox 287 1615 414 1654; x_wconf 55' lang='grc' dir='ltr'><strong>,πόλεως</strong></span> <span class='ocrx_word' id='word_1_190' title='bbox 446 1617 593 1657; x_wconf 85' lang='lat' dir='ltr'><strong>exposuit</strong></span> <span class='ocrx_word' id='word_1_191' title='bbox 615 1617 756 1657; x_wconf 78' lang='lat' dir='ltr'><strong>Bernays</strong></span> <span class='ocrx_word' id='word_1_192' title='bbox 787 1617 857 1649; x_wconf 90' lang='lat' dir='ltr'><strong>libri</strong></span> <span class='ocrx_word' id='word_1_193' title='bbox 889 1626 980 1657; x_wconf 90' lang='lat' dir='ltr'><strong>quem</strong></span> <span class='ocrx_word' id='word_1_194' title='bbox 1014 1617 1053 1648; x_wconf 89' lang='lat' dir='ltr'><strong>de</strong></span> <span class='ocrx_word' id='word_1_195' title='bbox 1086 1616 1242 1649; x_wconf 88' lang='lat' dir='ltr'><strong>Phocione</strong></span> <span class='ocrx_word' id='word_1_196' title='bbox 1274 1627 1347 1650; x_wconf 88' lang='lat' dir='ltr'><strong>cou-</strong></span> 
     </span>
     <span class='ocr_line' id='line_1_26' title="bbox 283 1672 1346 1713; baseline 0.002 -10"><span class='ocrx_word' id='word_1_197' title='bbox 283 1673 412 1712; x_wconf 88' lang='lat' dir='ltr'><strong>scripsit</strong></span> <span class='ocrx_word' id='word_1_198' title='bbox 435 1682 464 1712; x_wconf 88' lang='lat' dir='ltr'><strong>p.</strong></span> <span class='ocrx_word' id='word_1_199' title='bbox 484 1673 544 1705; x_wconf 91' lang='lat'><strong>134</strong></span> <span class='ocrx_word' id='word_1_200' title='bbox 567 1673 648 1713; x_wconf 88' lang='lat' dir='ltr'><strong>seq.)</strong></span> <span class='ocrx_word' id='word_1_201' title='bbox 692 1674 726 1711; x_wconf 75' lang='lat'><strong>2)</strong></span> <span class='ocrx_word' id='word_1_202' title='bbox 750 1672 884 1711; x_wconf 84' lang='lat' dir='ltr'><strong>Nemini,</strong></span> <span class='ocrx_word' id='word_1_203' title='bbox 916 1672 974 1704; x_wconf 86' lang='lat' dir='ltr'><strong>nisi</strong></span> <span class='ocrx_word' id='word_1_204' title='bbox 1005 1673 1058 1712; x_wconf 89' lang='lat' dir='ltr'><strong>qui</strong></span> <span class='ocrx_word' id='word_1_205' title='bbox 1089 1673 1233 1713; x_wconf 90' lang='lat' dir='ltr'><strong>opinione</strong></span> <span class='ocrx_word' id='word_1_206' title='bbox 1256 1682 1346 1713; x_wconf 84' lang='lat' dir='ltr'><strong>prae-</strong></span> 
     </span>
     <span class='ocr_line' id='line_1_27' title="bbox 285 1728 1346 1768; baseline 0.002 -10"><span class='ocrx_word' id='word_1_207' title='bbox 285 1728 425 1759; x_wconf 88' lang='lat' dir='ltr'><strong>iudicata</strong></span> <span class='ocrx_word' id='word_1_208' title='bbox 448 1729 584 1766; x_wconf 83' lang='lat' dir='ltr'><strong>ducitur,</strong></span> <span class='ocrx_word' id='word_1_209' title='bbox 609 1728 737 1759; x_wconf 88' lang='lat' dir='ltr'><strong>dubium</strong></span> <span class='ocrx_word' id='word_1_210' title='bbox 762 1738 830 1760; x_wconf 87' lang='lat' dir='ltr'><strong>esse</strong></span> <span class='ocrx_word' id='word_1_211' title='bbox 853 1732 959 1768; x_wconf 86' lang='lat' dir='ltr'><strong>potest</strong></span> <span class='ocrx_word' id='word_1_212' title='bbox 986 1728 1058 1767; x_wconf 87' lang='lat' dir='ltr'><strong>quin</strong></span> <span class='ocrx_word' id='word_1_213' title='bbox 1084 1728 1263 1760; x_wconf 86' lang='lat' dir='ltr'><strong>Demetrius</strong></span> <span class='ocrx_word' id='word_1_214' title='bbox 1286 1728 1346 1760; x_wconf 89' lang='lat' dir='ltr'><strong>De-</strong></span> 
     </span>
     <span class='ocr_line' id='line_1_28' title="bbox 285 1782 1348 1823; baseline 0.001 -9"><span class='ocrx_word' id='word_1_215' title='bbox 285 1784 457 1815; x_wconf 84' lang='lat' dir='ltr'><strong>mosthenis</strong></span> <span class='ocrx_word' id='word_1_216' title='bbox 495 1784 699 1815; x_wconf 84' lang='lat' dir='ltr'><strong>elocutionem</strong></span> <span class='ocrx_word' id='word_1_217' title='bbox 734 1784 895 1823; x_wconf 86' lang='lat' dir='ltr'><strong>permagni</strong></span> <span class='ocrx_word' id='word_1_218' title='bbox 936 1782 1062 1823; x_wconf 82' lang='lat' dir='ltr'><strong>fecerit,</strong></span> <span class='ocrx_word' id='word_1_219' title='bbox 1093 1793 1161 1815; x_wconf 87' lang='lat' dir='ltr'><strong>cum</strong></span> <span class='ocrx_word' id='word_1_220' title='bbox 1194 1794 1230 1816; x_wconf 88' lang='lat' dir='ltr'><strong>ex</strong></span> <span class='ocrx_word' id='word_1_221' title='bbox 1263 1783 1348 1816; x_wconf 90' lang='lat' dir='ltr'><strong>illius</strong></span> 
     </span>
     <span class='ocr_line' id='line_1_29' title="bbox 284 1839 1347 1880; baseline 0.002 -11"><span class='ocrx_word' id='word_1_222' title='bbox 284 1840 479 1871; x_wconf 80' lang='lat' dir='ltr'><strong>orationibus</strong></span> <span class='ocrx_word' id='word_1_223' title='bbox 501 1840 542 1870; x_wconf 83' lang='lat' dir='ltr'><strong>ad</strong></span> <span class='ocrx_word' id='word_1_224' title='bbox 565 1848 664 1879; x_wconf 83' lang='lat' dir='ltr'><strong>genus</strong></span> <span class='ocrx_word' id='word_1_225' title='bbox 698 1840 865 1871; x_wconf 84' lang='lat' dir='ltr'><strong>vehemens</strong></span> <span class='ocrx_word' id='word_1_226' title='bbox 887 1839 1107 1871; x_wconf 80' lang='lat' dir='ltr'><strong>illustrandum</strong></span> <span class='ocrx_word' id='word_1_227' title='bbox 1133 1844 1180 1871; x_wconf 88' lang='lat' dir='ltr'><strong>tot</strong></span> <span class='ocrx_word' id='word_1_228' title='bbox 1203 1840 1347 1880; x_wconf 84' lang='lat' dir='ltr'><strong>exempla</strong></span> 
     </span>
     <span class='ocr_line' id='line_1_30' title="bbox 285 1894 1346 1934; baseline 0.002 -9"><span class='ocrx_word' id='word_1_229' title='bbox 285 1895 397 1926; x_wconf 78' lang='lat' dir='ltr'><strong>aflerat</strong></span> <span class='ocrx_word' id='word_1_230' title='bbox 427 1900 502 1934; x_wconf 90' lang='lat' dir='ltr'><strong>quot</strong></span> <span class='ocrx_word' id='word_1_231' title='bbox 533 1905 550 1926; x_wconf 89' lang='lat' dir='ltr'><strong>e</strong></span> <span class='ocrx_word' id='word_1_232' title='bbox 582 1894 667 1926; x_wconf 87' lang='lat' dir='ltr'><strong>nullo</strong></span> <span class='ocrx_word' id='word_1_233' title='bbox 697 1895 759 1926; x_wconf 83' lang='lat' dir='ltr'><strong>alio</strong></span> <span class='ocrx_word' id='word_1_234' title='bbox 792 1898 929 1927; x_wconf 85' lang='lat' dir='ltr'><strong>auctore.</strong></span> <span class='ocrx_word' id='word_1_235' title='bbox 974 1895 1065 1933; x_wconf 87' lang='lat' dir='ltr'><strong>Quod</strong></span> <span class='ocrx_word' id='word_1_236' title='bbox 1098 1899 1203 1926; x_wconf 88' lang='lat' dir='ltr'><strong>autem</strong></span> <span class='ocrx_word' id='word_1_237' title='bbox 1235 1895 1280 1927; x_wconf 87' lang='lat' dir='ltr'><strong>ita</strong></span> <span class='ocrx_word' id='word_1_238' title='bbox 1311 1905 1346 1927; x_wconf 90' lang='lat' dir='ltr'><strong>se</strong></span> 
     </span>
     <span class='ocr_line' id='line_1_31' title="bbox 285 1950 1347 1990; baseline 0.003 -11"><span class='ocrx_word' id='word_1_239' title='bbox 285 1951 402 1981; x_wconf 70' lang='lat' dir='ltr'><strong>sentire</strong></span> <span class='ocrx_word' id='word_1_240' title='bbox 435 1960 587 1990; x_wconf 82' lang='lat' dir='ltr'><strong>nusquam</strong></span> <span class='ocrx_word' id='word_1_241' title='bbox 617 1951 771 1990; x_wconf 82' lang='lat' dir='ltr'><strong>expressis</strong></span> <span class='ocrx_word' id='word_1_242' title='bbox 810 1950 914 1981; x_wconf 86' lang='lat' dir='ltr'><strong>verbis</strong></span> <span class='ocrx_word' id='word_1_243' title='bbox 945 1950 1128 1990; x_wconf 87' lang='lat' dir='ltr'><strong>profitetur,</strong></span> <span class='ocrx_word' id='word_1_244' title='bbox 1166 1951 1198 1981; x_wconf 92' lang='lat' dir='ltr'><strong>id</strong></span> <span class='ocrx_word' id='word_1_245' title='bbox 1231 1950 1347 1982; x_wconf 87' lang='lat' dir='ltr'><strong>nullius</strong></span> 
     </span>
     <span class='ocr_line' id='line_1_32' title="bbox 287 2005 1344 2045; baseline 0.002 -9"><span class='ocrx_word' id='word_1_246' title='bbox 287 2006 433 2037; x_wconf 87' lang='lat' dir='ltr'><strong>momenti</strong></span> <span class='ocrx_word' id='word_1_247' title='bbox 466 2011 522 2038; x_wconf 86' lang='lat' dir='ltr'><strong>est.</strong></span> <span class='ocrx_word' id='word_1_248' title='bbox 568 2006 677 2045; x_wconf 89' lang='lat' dir='ltr'><strong>Neque</strong></span> <span class='ocrx_word' id='word_1_249' title='bbox 709 2006 803 2044; x_wconf 86' lang='lat' dir='ltr'><strong>illud,</strong></span> <span class='ocrx_word' id='word_1_250' title='bbox 836 2006 918 2045; x_wconf 90' lang='lat' dir='ltr'><strong>quod</strong></span> <span class='ocrx_word' id='word_1_251' title='bbox 949 2005 1128 2038; x_wconf 82' lang='lat' dir='ltr'><strong>Demetrius</strong></span> <span class='ocrx_word' id='word_1_252' title='bbox 1158 2015 1252 2038; x_wconf 89' lang='lat' dir='ltr'><strong>uuum</strong></span> <span class='ocrx_word' id='word_1_253' title='bbox 1285 2006 1344 2038; x_wconf 92' lang='lat' dir='ltr'><strong>De-</strong></span> 
     </span>
     <span class='ocr_line' id='line_1_33' title="bbox 287 2061 1344 2103; baseline 0.001 -11"><span class='ocrx_word' id='word_1_254' title='bbox 287 2062 459 2093; x_wconf 80' lang='lat' dir='ltr'><strong>mosthenis</strong></span> <span class='ocrx_word' id='word_1_255' title='bbox 478 2062 676 2093; x_wconf 81' lang='lat' dir='ltr'><strong>enuntiatum</strong></span> <span class='ocrx_word' id='word_1_256' title='bbox 700 2062 866 2101; x_wconf 82' lang='lat' dir='ltr'><strong>improbat,</strong></span> <span class='ocrx_word' id='word_1_257' title='bbox 889 2065 999 2093; x_wconf 83' lang='lat' dir='ltr'><strong>contra</strong></span> <span class='ocrx_word' id='word_1_258' title='bbox 1022 2071 1071 2093; x_wconf 90' lang='lat' dir='ltr'><strong>me</strong></span> <span class='ocrx_word' id='word_1_259' title='bbox 1094 2061 1180 2100; x_wconf 77' lang='lat' dir='ltr'><strong>facit,</strong></span> <span class='ocrx_word' id='word_1_260' title='bbox 1202 2071 1344 2103; x_wconf 84' lang='lat' dir='ltr'><strong>praeser-</strong></span> 
     </span>
    </p>
   </div>
  </div>
 </body>
</html>
