1525 2530
0 0 145 15 ,ιω-ς-μ.

619 239 807 271 -3-,

180 334 209 365 p.
227 324 314 365 538).
361 324 420 355 Gu.
445 324 555 357 Christ
577 334 700 364 quoque
723 324 930 361 (Geschichte
953 324 1010 355 der
1033 323 1150 364 griech.
1172 323 1248 355 Litt.

181 390 211 421 p.
229 380 306 419 444)
332 380 525 411 Demetrium
551 384 693 412 nostrum
719 384 793 412 ante
809 380 990 412 Ciceronem
1015 384 1047 411 et
1064 379 1247 420 Dionysium

181 435 333 467 Thracem
367 437 535 475 scripsisse
567 440 682 468 censet.
731 436 808 467 Mihi
842 440 947 467 autem
981 445 1168 475 persuasum
1200 439 1250 467 est

183 491 379 523 Demetrium
413 495 485 531 post
510 492 694 532 Dionysium
720 491 1033 523 Halicarnassensem
1066 491 1247 530 scripsisse;

181 547 266 587 quod
289 547 425 587 probare
449 548 585 579 conabor
617 548 786 587 praecipue
811 547 965 579 doctrinis
997 547 1164 579 rhetoricis
1188 548 1249 579 De-

181 603 286 634 metrii
318 606 350 634 et
383 602 515 633 aliorum
548 608 711 634 auctorum
744 604 826 635 inter
857 613 891 635 se
921 602 1128 634 conferendis.
1174 603 1250 634 Tria

182 658 281 698 igitur
304 658 410 697 capita
434 659 671 690 dissertationis
705 659 885 696 instituam;
918 668 1049 698 quorum
1073 659 1176 699 primo
1200 669 1249 690 ar-

182 718 333 754 gumenta
356 715 512 755 graviora,
546 715 660 754 quibus
684 716 902 747 demonstrare
926 718 1083 747 tentatum
1116 719 1166 747 est
1188 715 1249 746 De-

183 770 330 802 metrium
363 773 437 801 ante
472 770 657 811 Dionysium
691 772 858 811 scripsisse
896 771 992 811 (quae
1023 771 1129 802 omnia
1159 771 1249 802 Liers

183 829 239 857 aut
267 825 353 857 solus
387 830 442 857 aut
472 826 593 865 primus
617 826 752 867 attulit),
783 826 938 865 refutabo,
972 826 1072 858 altero
1096 827 1250 858 Demetrii

182 881 345 913 doctrinas
378 882 418 913 ad
449 892 567 922 genera
607 883 730 914 dicendi
762 883 956 923 pertinentes
990 882 1147 914 conferam
1180 891 1249 914 cum

183 937 233 976 iis,
256 947 338 977 quae
360 938 447 977 apud
478 937 558 969 alios
592 938 735 970 rhetores
760 939 916 978 leguntur,
949 938 1046 970 tertio
1078 938 1126 970 cui
1150 939 1250 970 aetati

182 993 364 1025 Demetrius
381 993 609 1025 adscribendus
626 995 669 1025 sit
685 994 910 1026 demonstrabo
926 995 1123 1034 argumentis
1139 994 1250 1034 petitis

183 1049 301 1089 partim
325 1059 362 1081 ex
386 1050 424 1080 iis
447 1049 551 1087 rebus,
575 1060 653 1089 quas
677 1050 781 1090 capite
805 1050 905 1082 altero
925 1060 1108 1090 exposuero,
1132 1050 1248 1090 partim

182 1115 220 1136 ex
245 1105 325 1136 aliis.
