1525 2530
625 239 814 269 “9-

185 325 255 365 ipsi,
280 325 431 357 terminus
447 325 501 356 illc
517 325 644 364 ignotus
661 324 730 363 fuit,
755 325 936 356 Demetrius
952 327 1058 356 autem
1077 328 1142 356 tam
1160 333 1250 356 accu-

187 386 255 412 rate
279 380 348 412 illos
378 385 504 412 secutus
527 384 586 419 est,
625 383 660 412 ut
683 390 721 412 ne
752 381 886 412 termino
916 380 1053 420 quidem,
1083 381 1135 420 qui
1168 381 1252 419 apud

186 446 239 468 cos
270 445 329 468 non
359 436 498 476 extabat,
532 440 683 468 uteretur.
730 436 839 476 Neque
871 435 927 468 hoc
961 436 1026 468 veri
1059 446 1117 468 non
1152 436 1253 467 simile

186 496 244 525 est.
308 492 419 523 Potest
453 492 533 523 enim
568 492 778 524 demonstrari
814 491 1007 523 Demetrium
1040 491 1253 531 compluribus

187 549 263 580 locis
286 557 332 587 ca,
356 557 436 587 quae
468 548 552 587 apud
576 551 723 579 auctores
747 548 910 586 invenerit,
942 548 1022 578 adeo
1045 556 1105 579 non
1129 551 1253 579 mutata

185 613 242 636 sua
265 603 384 641 fecisse,
418 608 452 634 ut
477 604 571 635 etiam
604 603 760 642 nonnulla,
795 612 877 643 quae
900 613 968 635 curn
994 603 1064 635 aliis
1087 604 1118 634 in
1142 604 1251 635 eodem

184 659 290 692 libello
313 659 408 692 dictis
432 659 650 699 discreparent
674 664 729 691 aut
759 660 789 690 in
814 659 1047 691 dissertationis
1073 659 1252 699 dispositio-

185 725 254 748 nem
279 725 315 747 ac
338 719 519 747 contextum
544 724 603 747 non
620 716 823 755 quadrarent,
847 716 971 756 integra
995 715 1195 747 transtulerit
1210 716 1252 754 5).

185 773 274 810 Quae
297 780 347 803 res
370 780 440 803 cum
466 780 524 802 non
548 771 648 802 solum
672 772 714 803 ad
738 771 817 803 hanc
834 771 1049 811 quaestionem
1072 771 1251 803 examinan-

184 828 268 866 dam,
298 827 353 859 sed
384 828 480 858 etiam
514 827 554 858 ad
588 827 768 858 universam
801 827 961 860 scribendi
992 827 1157 866 rationem,
1189 836 1252 866 qua

185 892 259 915 usus
282 887 332 915 est
356 883 545 921 Demetrius,
570 883 815 923 cognoscendam
848 883 983 914 multum
1007 883 1121 921 valeat,
1152 883 1191 914 de
1215 892 1253 914 ea

185 939 314 972 uberius
334 939 440 979 placet
463 939 628 971 disserere.
674 939 946 971 Praemonendum
963 943 1070 970 autem
1093 942 1153 979 est,
1176 949 1251 971 non-

185 1004 342 1035 nunquam
367 998 491 1026 tantum
516 994 578 1026 illis
602 995 826 1034 discrepantiis
850 995 928 1035 ipsis
951 995 1096 1035 cognosci
1119 1004 1157 1026 ex
1179 995 1252 1026 aliis

183 1051 364 1083 auctoribus
387 1051 503 1082 hausta
525 1060 544 1082 a
568 1051 728 1083 Demetrio
751 1050 893 1091 proferri.

271 1107 294 1139 1.
341 1110 358 1147 ς’
378 1108 417 1140 10
440 1107 619 1139 Demetrius
643 1107 718 1148 quid
751 1108 794 1139 sit
817 1107 968 1147 periodus
994 1107 1043 1139 his
1067 1107 1171 1139 verbis
1194 1107 1250 1138 de-

184 1164 268 1196 finit:
302 1164 386 1202 ,μῦν
408 1161 519 1203 μέντοι
544 1161 655 1194 κώλων
687 1161 740 1193 καὶ
764 1160 942 1204 κομμάτων
968 1161 1118 1194 τοιούτων
1141 1173 1249 1194 orru—

185 1218 332 1260 θεμένων
357 1218 440 1260 πρὸς
464 1215 587 1260 ἄλληλα
619 1217 822 1250 σι’νίσιάινῐαι
857 1217 888 1250 αὶ
915 1217 1061 1260 περίοδοι
1087 1216 1249 1260 ὀνομαζό-

183 1287 286 1317 μεναι.
310 1274 388 1316 (καὶ)
405 1272 474 1306 ε”στι
489 1277 519 1314 ⁶)
543 1273 696 1316 περίοδος
719 1273 865 1316 σι’»σιῃμα
888 1274 923 1307 ἐν.
946 1273 1058 1306 κώλων
1081 1272 1098 1318 ⁵1}
1121 1273 1250 1316 κομμά-

184 1343 247 1362 των
270 1327 543 1372 εὐκατασιρύφως
567 1329 634 1372 (εἰς)
649 1334 678 1370 ⁶)
714 1329 767 1373 τὴν
790 1329 937 1363 διάνοιαν
960 1330 1015 1374 τὴν
1040 1328 1252 1373 ἶτῑοκειλιιένην

182 1384 454 1429 ἅπιιρτισλιιένονῧ
500 1388 518 1427 ξ
544 1388 582 1419 16
607 1387 685 1418 dicit
709 1387 802 1419 haec:
837 1387 923 1425 ,,τῶι’
955 1386 990 1419 δὲ
1023 1385 1185 1428 περιόδων
1218 1384 1250 1418 αἱ

182 1441 371 1485 μικρότεραι
397 1442 456 1484 μὲν
480 1441 515 1474 ἐκ
540 1442 631 1474 δυοῖν
654 1441 773 1475 κώλοιν
800 1441 1017 1481 συιτίθενται,
1042 1441 1073 1474 αὶ
1098 1442 1246 1483 μέγισται

183 1498 219 1531 δὲ
242 1497 278 1530 ἐκ
300 1496 479 1539 τεττάρων·
514 1498 548 1530 τὰ
572 1495 603 1529 (l'
632 1496 713 1540 ὑπὲρ
738 1498 876 1540 τέτταρα
899 1495 1000 1531 οὗκέί
1026 1496 1064 1530 ἂν
1088 1497 1176 1536 ἐντὸς
1199 1496 1246 1540 εἴη

183 1555 370 1598 asmodi-1533
401 1553 629 1596 συμμετρίαςῦ
675 1557 717 1586 At
752 1558 769 1595 ς’
795 1556 831 1586 17
863 1556 955 1587 docet
985 1556 1080 1587 etiarn
1116 1554 1249 1595 singulis

183 1611 260 1643 eolis
290 1611 437 1651 periodos
466 1611 534 1642 fieri
566 1620 668 1650 posse.
713 1611 808 1642 Haud
839 1611 934 1642 dubie
963 1612 1014 1643 hic
1046 1611 1248 1642 Aristotelem

182 1671 310 1698 secutus
342 1671 392 1699 est
422 1666 475 1706 (cf.
500 1666 593 1698 Rhet.
618 1666 675 1705 111,
699 1668 718 1698 9
741 1676 771 1706 p.
790 1667 902 1698 14091)
930 1668 1077 1706 13-17),
1107 1666 1171 1699 illic
1194 1670 1250 1698 aut

182 1723 278 1755 alium
303 1720 463 1755 auctorem
488 1726 544 1754 aut
566 1732 657 1754 suum
680 1723 841 1754 iudicium.

268 1778 307 1811 11.
351 1779 418 1810 Iam
450 1778 540 1810 Liers
563 1778 697 1810 Dissert.
729 1788 758 1818 p.
777 1779 833 1817 10,
868 1779 1018 1810 Stilarten
1051 1788 1081 1819 p.
1098 1779 1158 1811 691
1184 1788 1248 1819 seq.

270 1906 299 1943 5)
323 1905 361 1934 Ut
394 1906 513 1934 omniuo
546 1906 577 1933 iu
609 1905 709 1934 libello
734 1905 877 1934 concinne
901 1905 1104 1942 componendo
1136 1910 1165 1934 et
1197 1914 1247 1933 ex-

181 1957 319 1994 poliendo
335 1966 510 1994 perparvam
527 1967 646 1994 operam
662 1957 770 1994 posuit,
793 1957 829 1985 cf.
848 1957 931 1985 Liers
954 1956 1076 1985 Dissert.
1092 1966 1121 1993 p.
1135 1959 1182 1991 32,
1198 1959 1245 1985 33.

269 2008 300 2045 6)
323 2008 372 2037 Sic
402 2009 588 2037 scribendum
622 2018 684 2037 esse
716 2008 842 2037 coniecit
880 2009 1003 2045 primam
1034 2018 1152 2037 manum
1185 2009 1246 2036 cod.

182 2061 308 2089 Parisini
332 2065 449 2089 secutus
472 2060 601 2089 Schenkl
628 2060 747 2088 Wiener
770 2059 893 2088 Studien
916 2060 960 2089 IV
983 2070 1010 2097 p.
1029 2062 1077 2088 66.
