1525 2530
621 230 831 262 -27-

195 322 263 361 ipso
286 320 397 352 ordine
420 320 504 359 quod
527 327 645 359 genera
667 328 686 348 a
709 317 870 348 Demetrio
896 318 1082 353 tractantur,
1107 324 1168 346 non
1194 313 1262 345 nul-

196 377 256 408 lius
280 376 430 408 momenti
454 384 524 407 esse
547 374 624 406 mihi
647 374 782 405 videtur.

281 488 299 527 ἓ
326 487 372 518 11.
427 486 574 518 Proxima
606 484 807 525 paragrapho
841 483 966 516 ostendi
1002 482 1198 514 Demetrium
1232 481 1263 512 in

196 543 365 584 generibus
388 542 512 574 dicendi
537 541 740 573 instituendis
769 540 904 571 duarum
936 539 1089 570 virtutum
1113 538 1263 570 elocutio-

197 600 255 638 nis,
290 608 369 640 quas
398 598 639 638 Theophrastus
671 597 702 628 in
734 597 792 628 hac
826 606 859 627 re
892 594 1076 634 neglexerit,
1111 594 1264 626 rationem

196 655 353 687 habuisse.
400 654 569 686 Praeterea
593 655 699 684 autem
730 653 826 684 etiam
857 651 938 682 alias
961 651 1097 682 virtutes
1120 650 1266 681 adhibuit

197 712 237 743 ad
260 720 360 751 genus
393 714 487 742 tenue
510 709 744 747 illustrandum,
776 717 837 739 non
869 707 970 739 solum
1002 706 1263 746 perspicuitatem

197 767 249 807 (§§
268 766 460 805 191—203),
483 774 565 805 quae
589 765 725 796 fortasse
750 764 812 795 iam
835 773 854 795 a
877 762 1101 802 Theophrasto
1125 762 1165 793 ad
1189 771 1264 793 ean-

197 824 268 855 dem
302 832 368 854 rem
400 821 543 853 adhibita
574 824 623 853 est
653 820 705 860 (cf.
742 820 826 852 locos
853 818 1063 850 Aristoteleos
1094 828 1173 858 quos
1203 818 1222 857 ξ
1246 818 1264 848 8

198 879 357 917 laudavi),
390 878 447 909 sed
479 878 574 909 etiam
608 874 774 916 ἐνάργειαν
804 879 836 908 et
859 872 1068 915 suocwsinszcc
1091 873 1144 913 (ἐξ
1160 872 1263 904 208-

197 934 283 973 222).
329 934 435 973 (Quod
458 943 571 973 parum
587 933 788 965 considerate
811 932 896 970 fecit,
920 940 990 963 cum
1007 934 1143 970 utraque
1166 930 1267 960 virtus

198 991 323 1030 generis
347 990 451 1021 tenuis
474 999 537 1021 non
561 989 691 1029 propria
715 989 766 1026 sit,
796 988 852 1019 sed
885 996 946 1018 non
970 987 1074 1018 minus
1097 987 1129 1017 in
1153 985 1268 1016 ceteris

198 1046 302 1078 locum
320 1046 461 1084 habeat.)
507 1045 599 1077 Unde
615 1045 811 1076 Demetrium
836 1043 997 1075 studuisse
1013 1044 1150 1082 apparet
1172 1050 1267 1081 quam

198 1103 334 1134 maxime
366 1102 542 1133 doctrinam
574 1102 614 1132 ad
647 1110 764 1141 genera
795 1099 922 1131 dicendi
953 1098 1165 1139 pertinentem
1196 1106 1267 1129 cum

199 1169 237 1191 ea
260 1168 341 1199 quae
365 1162 415 1190 est
437 1158 477 1189 de
500 1157 672 1189 virtutibus
701 1156 886 1188 elocutionis
912 1155 1102 1195 coniungere
1133 1163 1170 1185 ac
1194 1162 1267 1185 con-

199 1214 350 1253 fundere;
387 1214 477 1246 cuius
512 1213 559 1245 rei
593 1212 695 1244 simile
730 1221 885 1252 nusquam
919 1211 1005 1251 apud
1040 1210 1185 1242 rhetores
1219 1218 1268 1241 re-

200 1271 330 1311 peritur.

285 1382 304 1421 §
328 1381 376 1413 12.
421 1381 459 1413 In
490 1381 570 1412 libro
603 1380 656 1420 qui
688 1384 737 1412 est
768 1380 807 1412 de
837 1379 1052 1411 Demosthene
1084 1377 1268 1417 Dionysius,

200 1441 367 1478 postquam
399 1438 439 1469 de
462 1436 687 1469 Demosthenis
717 1433 803 1474 λέξει
835 1435 989 1467 disseruit
1018 1434 1188 1474 generibus
1220 1433 1268 1464 di-

201 1493 293 1526 cendi
315 1493 468 1525 adhibitis
490 1492 543 1532 (cf.
569 1492 647 1532 ξὸ),
670 1492 814 1532 proxima
837 1494 930 1531 parte
952 1491 1010 1530 (ec.
1035 1489 1177 1528 35—52)
1200 1490 1269 1521 eins

202 1549 398 1590 compositio,
422 1547 590 1585 σύνθεσις,
615 1548 718 1588 qualis
741 1548 784 1580 sit
807 1548 948 1587 exponit,
979 1556 1016 1578 ac
1038 1546 1176 1586 primum
1199 1545 1267 1586 qui—

201 1607 271 1638 dem
295 1605 352 1645 (cc.
377 1605 520 1643 36—46)
551 1604 722 1645 generibus
753 1603 992 1643 compositionis
1017 1601 1178 1634 adhibitis.
1222 1601 1270 1632 Ea

202 1671 327 1702 quoque
351 1661 414 1693 tria
436 1661 564 1693 statuit:
596 1659 652 1702 τὴν
682 1655 842 1701 αι’-στι]ρςὶν
864 1656 1023 1699 ἁρμονίαν
1047 1659 1104 1697 (cc.
1128 1657 1178 1689 38.
1203 1656 1270 1697 39),

203 1727 297 1759 quam
330 1717 523 1757 Aeschylus,
554 1717 731 1755 Pindarus,
763 1715 984 1756 Thucydides,
1016 1712 1072 1756 τὴν
1103 1710 1270 1755 γλαφυράν

203 1775 243 1813 (e.
259 1774 324 1813 40),
348 1783 441 1814 quam
457 1773 628 1811 Hesiodus,
653 1771 791 1812 Sappho,
817 1772 993 1809 Anacreon,
1016 1771 1193 1809 Isocrates3
1213 1767 1270 1811 τὴν

203 1827 304 1871 μέσην
338 1829 387 1861 vel
419 1826 536 1870 μικτήν
567 1829 607 1868 (c.
632 1828 703 1867 41),
742 1837 835 1868 quam
867 1827 1044 1866 Homerus,
1076 1826 1270 1864 Herodotus,

203 1885 305 1925 Plato,
328 1885 559 1918 Demosthenes
592 1883 819 1924 coluerintffi).
865 1883 1000 1923 (Eadem
1019 1882 1193 1922 Dionysius
1213 1881 1270 1912 do-

293 2007 343 2045 16)
366 2008 413 2035 Ex
443 2007 489 2035 his
519 2006 678 2044 generibus
710 2014 816 2042 aspera
848 2003 1022 2042 compositio
1054 2002 1205 2032 simillima
1227 2004 1272 2031 est

205 2059 427 2098 compositionis
451 2058 584 2087 sublimis
608 2057 832 2091 Demetrianae;
864 2054 1002 2094 Dionysii
1025 2053 1270 2092 compositionem
