1525 2530
244 317 305 349 loci
328 321 403 349 sunt
425 317 465 349 de
488 314 642 357 δεινότιμι
670 316 893 349 Demetriana:
920 317 952 355 1)
975 326 1042 357 cap.
1059 317 1078 348 8
1105 317 1190 349 inter
1212 317 1302 357 quin-

243 383 303 413 que
334 372 538 404 sublimitatis
570 372 673 404 fontes
702 371 738 402 τὸ
770 371 915 413 σφοδρὸν
945 371 1000 403 καὶ
1033 370 1304 405 ἐνθουσιαστικὸν

245 425 358 464 πάθος
381 431 655 459 commemoratur.
699 428 750 463 (In
774 428 879 459 libello
902 427 1006 468 qualis
1037 437 1118 460 nunc
1141 431 1230 459 extat
1253 428 1303 460 hic

244 484 313 515 sons
337 493 417 514 unus
441 487 704 515 commemoratur
727 487 860 522 tantum,
892 493 953 515 non
977 483 1106 516 uberius
1128 487 1302 522 tractatum

241 540 325 579 quod
349 539 423 570 olim
447 539 573 578 quidem
599 537 716 570 factum
741 548 812 571 esse
835 540 901 571 veri
927 539 1030 571 simile
1053 543 1112 578 est,
1143 539 1198 571 sed
1222 539 1303 571 hanc

242 594 340 626 libelli
364 598 486 634 partem
511 594 668 634 perditam
700 603 779 633 esse,
812 594 850 626 cf.
880 604 961 635 quae
984 595 1113 634 exponit
1135 594 1302 626 Rothstein

243 651 273 682 iu
298 650 435 682 Hermae
458 649 518 681 vol.
536 649 577 680 23
601 660 630 690 p.
651 650 689 682 15
705 650 807 690 seqq.)
851 650 884 689 2)
909 659 932 682 c.
951 650 981 689 9,
997 653 1116 679 10-—13
1134 650 1302 690 exponitur

241 706 300 737 hoc
322 714 392 738 esse
414 705 585 738 discrimen
620 706 702 737 inter
732 706 833 737 Iliada
864 709 895 738 et
919 706 1106 746 Odysseam,
1136 710 1172 737 ut
1194 705 1226 736 in
1249 705 1303 737 illa

241 758 385 802 δεινότης
408 761 486 793 insit
509 762 703 802 (quanquam
727 771 788 792 non
819 761 878 793 hac
906 761 978 801 ipsa
1000 770 1075 793 voce
1098 761 1130 792 id
1153 761 1302 801 exprimi·

243 818 318 857 tur),
342 818 373 849 in
398 817 457 849 hac
489 827 549 848 non
574 817 624 849 sit.
671 817 704 856 3)
728 826 752 848 c.
780 817 827 856 12,
840 820 921 846 3—-5
946 816 1127 849 ostenditur
1149 817 1301 849 elocutio-

243 874 291 905 nis
316 873 579 905 Demosthenicae
602 873 737 905 maxime
767 873 930 912 propriam
954 882 1025 905 esse
1047 869 1228 913 δεινότητα,
1252 874 1301 906 Ci-

241 929 429 961 ceronianae
453 928 639 960 ubertatem.
693 929 727 964 4)
756 929 792 968 ὃ)
815 939 841 960 e.
867 928 946 967 16‚2
970 929 1206 960 demonstratur
1238 927 1302 959 δει·

240 982 354 1026 minim
370 994 440 1017 esse
456 985 487 1017 in
505 985 619 1024 insigni
643 984 696 1016 illa
714 984 815 1024 figura
832 985 966 1023 iurandi,
989 993 1052 1024 qua
1069 983 1300 1016 Demosthenes

241 1042 270 1073 in
295 1042 442 1073 oratione
465 1041 505 1072 de
527 1050 644 1072 corona
667 1049 742 1072 usus
765 1043 832 1078 est;
867 1048 891 1071 c.
909 1039 1051 1079 22,3—4
1075 1039 1207 1070 eandem
1230 1048 1300 1072 esse

240 1098 271 1129 in
309 1096 496 1137 hyperbatis
527 1095 788 1128 Demosthenicis.
845 1095 878 1134 6)
908 1104 933 1127 c.
950 1095 1030 1134 34‚4
1065 1098 1176 1126 auctor
1209 1095 1303 1127 docet

243 1153 487 1185 Demosthenem
505 1151 659 1192 Hyperidi
675 1148 830 1192 δεινότητι
855 1154 944 1182 tanto
968 1154 1141 1190 praestare,
1164 1154 1208 1189 ut,
1231 1160 1301 1182 cum

243 1209 409 1248 pauciores
432 1217 525 1248 quam
549 1208 599 1239 hic
623 1207 739 1239 habeat
754 1207 900 1246 virtutes⁷
924 1210 1028 1238 tamen
1047 1207 1160 1238 merito
1183 1207 1212 1238 ei
1235 1216 1302 1238 om·

243 1265 316 1296 uino
340 1267 564 1304 praeponatur.
610 1263 731 1294 Horum
764 1263 902 1294 locorum
935 1263 966 1293 in
999 1262 1037 1294 iis
1061 1265 1202 1301 tantum,
1225 1271 1303 1302 quos

243 1320 337 1352 tertio
361 1320 429 1351 loco
453 1325 485 1351 et
508 1323 597 1351 sexto
621 1319 731 1357 attuli,
755 1327 815 1350 vox
838 1315 1022 1359 δεινότητος
1044 1321 1140 1357 extat,
1174 1318 1230 1350 sed
1253 1317 1300 1350 vel

241 1376 271 1407 in
295 1376 353 1415 his,
378 1376 452 1407 item
476 1379 512 1406 ut
535 1384 630 1414 saepe
653 1375 739 1414 apud
756 1374 951 1414 Dionysium,
975 1383 1036 1405 non
1060 1373 1126 1404 sola
1148 1374 1205 1405 sed
1229 1382 1301 1405 con-

242 1432 349 1463 iuncta
376 1441 446 1463 eum
478 1430 549 1462 aliis
573 1440 704 1470 quarum
736 1430 848 1461 similis
871 1433 921 1461 est
950 1429 1007 1461 vis.
1052 1429 1144 1461 Unde
1166 1433 1301 1469 apparet

242 1487 338 1519 etiam
362 1486 459 1518 libelli
492 1496 516 1518 c.
535 1487 554 1518 i.
579 1484 652 1526 περὶ
679 1482 782 1524 ἕψοι-ς
811 1490 973 1517 auctorem
1005 1488 1092 1516 certo
1121 1484 1216 1516 verbo
1240 1493 1301 1525 quo

242 1539 410 1584 δεινότητα
426 1542 663 1574 Demetrianam
688 1545 870 1573 constanter
892 1540 1071 1581 appellaret
1093 1541 1242 1572 caruisse.
1260 1557 1300 1562 —

242 1598 351 1638 Neque
382 1608 455 1630 vero
486 1598 559 1629 inde
591 1597 837 1629 concludendum
869 1605 938 1628 esse
970 1605 1082 1628 censeo
1105 1595 1300 1628 Demetrium

241 1655 336 1686 etiam
370 1658 443 1693 post
475 1653 557 1685 hune
590 1653 773 1692 scripsisse;
806 1662 878 1684 nam
910 1652 961 1684 hic
983 1651 1153 1684 Caecilium
1177 1655 1300 1683 tantum

240 1711 371 1749 eiusque
402 1709 552 1749 aequales
575 1713 704 1741 secutus
735 1717 804 1740 esse
835 1711 942 1747 potest
972 1706 1125 1746 neglectis
1159 1707 1198 1738 iis
1221 1717 1302 1747 quae

242 1766 384 1798 rhetores
407 1765 602 1805 posteriores
625 1774 705 1796 nova
729 1763 936 1804 protulerant.

326 1821 412 1853 Voce
435 1818 616 1861 δεινότητος
647 1820 742 1852 etiam
767 1819 975 1859 Hermogenis
1005 1822 1112 1850 aetate
1145 1828 1162 1849 a
1194 1818 1300 1850 multis

243 1878 351 1909 eadem
376 1886 428 1908 rcs
445 1877 571 1908 videtur
587 1874 765 1915 significata
788 1884 859 1907 esse
877 1883 957 1915 quae
979 1884 998 1906 a
1013 1874 1184 1906 Demetrio.
1221 1873 1301 1906 Her-

241 1999 314 2028 tens,
339 1994 381 2022 De
398 1993 498 2021 libello
521 1990 587 2029 περὶ
612 1988 720 2028 ὕψους,
748 1992 838 2020 1877.
883 1991 1033 2027 Coblentz,
1056 1989 1101 2018 De
1124 1989 1217 2018 libelli
1234 1987 1300 2028 περὶ

243 2042 341 2081 ὕψους
365 2050 491 2079 auctore,
521 2044 607 2071 1888.
