1525 2530
661 243 870 276 -10-

237 327 370 360 coniecit
392 337 445 367 ca,
475 337 556 367 quac
587 328 626 359 dc
657 338 772 368 genere
800 331 933 361 venusto
957 329 1138 362 Demetrius
1161 330 1299 369 doceret,

235 383 374 422 exceptis
404 383 442 414 iis
473 393 554 424 quac
583 388 689 416 essent
719 384 759 416 de
789 385 1014 424 compositione
1036 386 1088 425 (ἕξ
1107 385 1299 426 179-185),

234 449 271 470 cx
295 439 366 471 aliis
400 439 488 471 libris
518 439 558 470 ab
589 448 625 470 eo
657 439 773 471 hausta
802 449 881 479 esse,
913 440 1012 472 exiis
1043 441 1190 473 videlicet
1219 449 1298 481 quos

235 494 439 535 Peripatetici
463 495 503 526 de
526 498 692 527 venustate
709 494 800 536 (7ιέρὶ
814 492 970 536 χάριτος),
993 496 1033 527 de
1050 496 1191 529 ridiculis
1207 495 1298 538 (περὶ

233 549 400 590 γελοίων),
438 551 477 582 de
508 550 579 582 aliis
618 550 712 582 huius
743 551 868 591 generis
906 551 1000 583 rebus
1031 552 1297 592 conscripsissent.

234 606 292 638 Cui
309 606 338 637 in
356 606 535 637 universum
551 606 722 646 assentior;
738 606 795 638 sed
810 607 918 638 variae
934 610 1043 647 partes
1055 607 1298 647 distinguendae

233 666 315 693 sunt.
362 661 407 692 Ex
429 661 544 702 quibus
567 662 671 702 prima
693 665 726 694 et
752 662 935 702 principalis
958 663 1170 703 paragraphis
1194 663 1296 695 128—

238 718 296 750 162
319 718 513 756 continetur;
545 722 720 757 sequuntur
750 718 969 750 additamenta
1002 718 1075 751 tria.
1120 718 1161 750 Et
1182 719 1222 750 de
1245 719 1296 750 his

233 774 362 812 quidem
386 783 456 805 mox
480 772 577 805 verba
600 772 729 813 faciam;
752 773 839 805 illam
862 774 998 813 primam
1021 784 1058 806 ex
1081 773 1143 806 alio
1166 777 1296 806 auctore

233 838 252 861 a
276 828 436 861 Demetrio
460 829 606 861 haustam
629 838 708 868 esse,
732 829 782 861 his
804 829 898 862 rebus
921 834 1072 870 apparet:

318 886 351 925 a)
374 884 419 916 Ut
441 884 471 915 in
496 884 609 916 ceteris
639 884 807 925 generibus
830 884 954 916 dicendi
987 885 1163 918 tractandis
1185 885 1298 918 Deme-

234 940 313 971 trius
335 940 375 971 dc
399 939 501 978 rebus,
525 940 671 979 dictione,
695 939 921 981 compositione
943 938 1138 982 (πράγματα
1159 941 1207 974 vel
1224 939 1296 973 διά-

235 1007 314 1034 νοια,
339 994 436 1035 λέξις,
471 994 647 1036 σύνθεσις),
679 996 794 1037 quibus
825 1006 921 1028 unum
953 997 1100 1037 quodque
1130 996 1296 1037 efficiatur,

231 1051 417 1091 singillatim
441 1052 580 1090 disserit,
604 1052 649 1084 ita
671 1052 767 1083 etiam
791 1052 821 1083 in
846 1061 960 1092 genere
993 1056 1144 1085 venusto:
1176 1053 1216 1084 de
1248 1053 1297 1085 di-

231 1108 334 1138 ctione
356 1108 394 1148 §§
412 1107 590 1147 137-155‚
613 1108 653 1139 dc
677 1107 770 1139 rebus
797 1107 971 1147 156—162‚
1005 1107 1044 1140 de
1068 1108 1292 1148 compositione

236 1163 410 1194 179—185.
455 1164 498 1194 At
521 1164 552 1194 in
575 1164 614 1203 ξιξ
640 1163 822 1203 132-136,
853 1172 933 1203 quae
963 1163 1159 1203 singularum
1190 1172 1295 1196 rerum

235 1218 350 1258 quibus
373 1222 523 1250 venustas
556 1218 592 1250 fit
623 1219 816 1251 enarrationi
846 1223 881 1250 ut
913 1219 1074 1250 exordium
1107 1220 1300 1259 praemissae

234 1278 318 1312 sunt,
351 1276 412 1306 duo
444 1277 569 1306 tantum
601 1274 703 1306 fontes
733 1275 910 1307 venustatis
933 1276 1227 1313 commemorantur,
1250 1283 1301 1306 res

235 1333 267 1361 ct
290 1330 402 1369 dicti0;
427 1339 528 1370 neque
551 1330 639 1362 tertii
663 1329 758 1362 fontis
776 1331 965 1362 mentionem
988 1339 1096 1362 errore
1118 1329 1242 1362 scribae
1265 1330 1296 1362 in

235 1386 449 1425 manuscripto
479 1386 641 1425 excidisse,
671 1389 805 1426 apparet
836 1386 884 1418 his
908 1386 1013 1418 verbis
1036 1395 1117 1426 quae
1140 1386 1171 1418 in
1195 1386 1213 1427 ξ
1239 1387 1299 1419 136

234 1445 360 1473 extant:
393 1437 494 1484 »ἦσαν
517 1441 553 1473 δὲ
583 1439 660 1482 ἱμῑιν
689 1439 720 1472 αὶ
752 1441 812 1482 μὲν
835 1442 892 1482 (sc.
912 1439 1055 1483 χάριτες)
1085 1440 1119 1473 ὲν
1141 1443 1179 1484 η’
1202 1441 1297 1482 λέξει,

236 1495 267 1528 αὶ
293 1496 327 1529 δὲ
352 1495 385 1527 ἐν
408 1498 478 1534 τοῖς
502 1494 669 1538 πράγμασι
683 1522 690 1528 .
725 1494 966 1538 γιάραόείξομεν
989 1493 1043 1529 οὖν
1066 1496 1121 1529 καὶ
1144 1497 1220 1535 τοὺς
1241 1497 1297 1530 τό·

234 1564 316 1590 ,τοι-ς
346 1549 420 1584 καθ’
453 1550 619 1594 ἑκάτερα.“
665 1552 751 1585 Haec
774 1553 990 1592 discrepantia
1020 1562 1082 1592 quo
1106 1554 1197 1585 modo
1227 1557 1299 1585 orta

233 1608 284 1646 sit,
307 1608 484 1649 intelligere
518 1618 576 1640 non
609 1618 786 1648 possumus,
819 1608 877 1640 nisi
909 1609 1079 1641 conicimus
1102 1609 1297 1641 Demetrium

233 1664 452 1704 paragraphos
476 1664 643 1697 132—162
667 1674 704 1696 ex
721 1664 827 1703 aliquo
843 1669 983 1702 auctore,
1006 1664 1060 1704 qui
1084 1664 1124 1696 de
1147 1664 1196 1696 his
1219 1664 1298 1696 duo-

235 1720 292 1751 bus
309 1724 431 1751 tantum
451 1720 626 1752 venustatis
644 1719 783 1751 fontibus
798 1719 993 1759 disseruerit,
1010 1719 1162 1759 hausisse,
1185 1720 1298 1752 deinde

233 1785 286 1807 eas
309 1776 356 1815 ἕξ,
380 1785 460 1815 quae
483 1780 558 1807 sunt
581 1776 620 1807 de
643 1776 867 1815 compositione
891 1779 1034 1814 venusta,
1065 1776 1105 1807 de
1127 1784 1184 1807 suo
1206 1775 1297 1807 addi-

233 1830 316 1862 disse
331 1830 383 1869 (cf.
401 1833 418 1869 ξ
438 1832 511 1870 179)
535 1840 633 1870 neque
650 1840 732 1868 vero,
756 1834 790 1862 ut
813 1830 959 1869 debebat,
983 1830 1076 1863 huius
1093 1831 1177 1863 tertii
1201 1830 1297 1863 fontis

234 1886 423 1918 mentionem
449 1887 478 1918 in
503 1888 540 1927 ἕξ
561 1886 726 1918 132-136
750 1886 928 1918 inseruisse.

319 1942 352 1979 b)
384 1942 467 1973 Bene
500 1942 590 1974 Liers
621 1942 773 1974 Stilarten
808 1951 836 1982 p.
862 1942 921 1974 691
957 1946 1064 1973 monet
1100 1942 1131 1973 in
1165 1945 1297 1974 venusto

233 2007 347 2037 genere
371 1997 489 2037 figuras
506 1998 671 2030 verborum
696 1998 735 2030 ad
753 1998 921 2030 dictionem
939 1997 1050 2030 referri
1066 1998 1118 2037 (ἓξ
1135 1998 1195 2030 140
1207 1999 1296 2038 seq.),

233 2062 312 2094 quas
327 2057 466 2086 ceterum
484 2053 664 2086 Demetrius
680 2053 916 2095 compositionis
938 2057 1060 2094 partem
1077 2052 1174 2086 faciat
1190 2053 1242 2095 (ἐξ
1254 2053 1296 2086 59
