1525 2530
569 724 691 769 Caput
717 724 886 758 tertium.

221 804 282 830 Oui
305 803 407 831 aetati
430 803 620 830 Demetrius
645 803 892 830 adscribendus
916 802 961 829 sit
984 802 1247 828 demonstratur.

282 869 300 909 ξ
326 869 373 900 14.
419 869 442 900 Ι.
483 868 559 900 (lum
591 868 649 899 sul»
673 867 884 907 Theophrasti
916 877 1015 907 genus
1039 867 1164 899 dicendi
1198 877 1262 898 me-

198 925 284 956 dium
314 925 508 956 elocutiones
540 925 711 955 admodum
745 924 890 955 diversae
922 924 1046 962 cadant,
1082 923 1262 954 Demetrius

197 990 255 1021 pro
277 980 338 1012 hoc
360 990 476 1020 genere
494 980 662 1012 vehemens
686 984 718 1012 et
735 984 901 1011 venustum
926 979 1073 1011 exhibeat
1096 980 1148 1017 (cf.
1167 980 1184 1016 ξ
1203 980 1265 1019 lOJ).

198 1037 351 1068 Demetrii
375 1037 519 1068 doctrina
553 1041 705 1076 quaeest
737 1036 776 1067 (le
807 1035 976 1075 generibus
1009 1035 1134 1067 dicendi
1164 1036 1265 1074 magis

200 1093 314 1124 idonea
337 1096 387 1123 est
416 1102 510 1132 quam
534 1091 787 1131 'l‘he‹›phrastea.
834 1092 926 1129 Quod
957 1091 1041 1122 haud
1073 1091 1167 1122 dubie
1191 1091 1266 1121 Dio-

201 1148 319 1188 nysius,
343 1148 369 1179 si
394 1148 447 1179 illa
471 1149 538 1180 eius
563 1151 667 1179 aetate
690 1149 751 1179 iam
776 1148 806 1178 in
830 1147 969 1179 medium
993 1147 1118 1186 prolata
1142 1146 1265 1185 fuisset,

202 1203 411 1236 intellexisset
435 1204 542 1244 itaque
565 1204 741 1235 ‹lot-trinam
765 1203 1002 1235 Demetriauani
1030 1207 1157 1235 secutus
1182 1206 1267 1234 esset

200 1262 258 1290 aut
281 1259 416 1291 similem
441 1259 534 1291 aliam
567 1260 633 1300 ipse
657 1260 859 1297 instituisset,
891 1269 953 1290 non
979 1259 1189 1299 Theophrasti
1213 1268 1266 1298 ge-

201 1325 280 1347 nera
303 1316 365 1346 tria
389 1316 591 1347 servavisset.
638 1316 689 1352 At,
713 1315 830 1347 dixerit
853 1315 933 1355 quis,
958 1315 1053 1346 etiam
1075 1315 1159 1354 apud
1184 1324 1267 1346 com-

200 1371 307 1412 plures
340 1374 503 1410 auctores,
544 1372 596 1411 qui
638 1371 712 1411 quin
750 1374 823 1410 post
854 1371 1050 1402 Demetrium
1083 1371 1269 1409 scripserint

201 1427 340 1459 dubitari
371 1437 432 1458 nou
456 1430 573 1466 potest,
603 1436 720 1466 genera
743 1426 984 1465 Theophrastea
1014 1426 1075 1457 tria
1106 1426 1268 1465 reperiun-

201 1487 262 1516 tur.
307 1483 375 1515 Hoc
391 1492 499 1514 verum
524 1487 587 1521 est;
613 1483 669 1514 sed
693 1482 738 1514 illi
756 1485 903 1513 auctores
927 1482 1069 1513 homines
1093 1482 1268 1513 mediocres

203 1539 329 1571 fuerunt
353 1548 454 1579 neque
478 1539 591 1569 mirum
622 1541 672 1570 est
695 1548 749 1570 eos
782 1538 946 1569 doctrinae
969 1538 1192 1569 Demetrianae
1215 1542 1270 1569 aut

203 1595 348 1626 notitiam
380 1594 497 1626 nullam
530 1594 679 1626 habuisse
711 1598 767 1625 aut
798 1604 866 1625 eam
906 1594 1098 1633 neglexisse,
1131 1594 1269 1634 permira

204 1654 310 1682 autem
334 1650 407 1682 talis
436 1650 559 1682 incuria
583 1654 667 1682 esset
691 1651 721 1681 in
746 1650 912 1690 Dionysio,
944 1650 995 1689 qui
1020 1650 1103 1680 inter
1126 1649 1269 1681 rhetores

205 1706 498 1746 praestantissimos
522 1705 591 1737 fuit.

291 1817 309 1857 ξ
335 1818 382 1849 15.
428 1817 469 1848 II.
507 1817 585 1848 Eam
618 1816 752 1848 formam
786 1817 928 1854 dicendi,
964 1826 1056 1856 quani
1090 1816 1272 1848 Demetrius

207 1870 372 1914 δεινότητα
402 1878 512 1912 vocat,
535 1874 719 1913 Dionysius,
749 1882 927 1913 quanquam
960 1873 990 1903 in
1014 1871 1183 1912 generibus
1206 1874 1272 1903 sta-

207 1930 333 1961 tuendis
364 1930 431 1961 eius
464 1930 619 1960 rationem
652 1929 769 1960 nullam
800 1929 928 1966 habuit,
961 1938 1020 1959 non
1053 1928 1192 1968 neglexit
1216 1928 1271 1959 sed

207 1985 375 2026 diligenter
406 1985 596 2017 observavit.
641 1986 732 2023 Quod
756 1985 921 2016 ostendam
955 1983 1112 2015 nonnullis
1135 1983 1213 2015 locis
1236 1993 1272 2015 ex

208 2041 277 2072 eius
307 2041 435 2081 scriptis
466 2042 670 2082 apponendis.
718 2041 763 2072 De
794 2041 956 2072 Demostli.
992 2040 1032 2071 22
1064 2051 1092 2080 p.
1112 2040 1191 2070 1021
1217 2039 1272 2070 ult.

1053 2095 1068 2121 3
