1525 2530
626 241 838 273 -31-

199 328 365 360 Gebranch
389 338 448 359 von
472 324 570 369 ἀρετή
601 329 663 359 und
686 324 849 368 χαρακτήρ
882 327 1000 358 seitens
1023 326 1081 357 der
1104 325 1265 356 Rhetoren

198 385 293 416 ileckt
317 384 382 416 sich
407 394 509 423 genau
542 384 597 414 mit
622 384 677 415 ulei·
703 383 907 422 Anwoudung
939 382 996 413 dei·
1019 382 1131 413 beiden
1160 381 1266 411 Worte

200 441 229 471 in
265 441 321 471 der
354 439 479 471 Ethikf‘
514 457 554 461 —
586 440 631 470 De
661 439 833 480 χιιρακιῇρι
870 448 950 478 quae
983 438 1041 468 hoe
1074 437 1142 468 loco
1175 436 1267 468 Lim-s

197 497 301 534 (locet,
332 505 409 527 vera
433 499 507 527 sunt
530 499 652 526 tantum
677 496 703 526 si
725 494 910 535 χαρακιῆρα
934 493 1149 533 intellegimus
1173 492 1267 523 unius

198 553 360 583 cuiusdam
386 552 522 589 modum,
547 560 605 582 non
631 551 657 581 si
681 560 780 590 genus
803 550 945 588 dicendi3
970 558 1086 588 genera
1112 549 1194 579 enim
1219 548 1267 578 di-

198 608 288 639 cendi
313 611 345 639 et
369 608 449 647 ipsa,
473 610 508 638 ut
531 606 636 637 onmia
659 616 785 645 genera,
810 616 843 637 re
867 615 927 636 non
952 608 1076 642 extant,
1101 604 1158 635 sed
1182 603 1267 643 cogi-

199 664 319 695 tatione
354 666 476 694 tantum
519 662 680 701 finguntur
711 661 938 701 qualitatibus,
976 670 1057 700 quae
1096 659 1267 690 multorum

199 719 404 759 singularium
430 718 592 749 modorum
618 717 743 749 dicendi
768 726 950 748 communes
974 719 1056 754 sunt,
1081 714 1119 746 ab
1143 714 1193 745 his
1217 724 1267 746 se-

199 775 348 815 gregatis.
394 773 504 813 Neque
527 783 646 813 genera
676 773 800 804 dicendi
833 772 1049 812 compluribus
1079 771 1160 802 ideis
1185 780 1268 801 eom-

199 831 303 870 posita
327 840 397 861 osse
421 838 549 861 necesse
574 833 632 867 est,
664 830 720 860 sed
745 829 869 868 generis
892 832 1007 859 natura
1031 827 1126 858 etiam
1151 827 1181 857 in
1206 836 1266 857 una

199 887 317 918 virtute
350 886 456 926 posita
479 894 548 916 esse
571 888 695 924 potest⁷
731 884 816 915 velut
850 884 976 923 generis
999 882 1143 914 sublimis
1167 881 1269 914 Theo-

199 942 343 983 phrastei
366 945 482 973 natura
504 941 611 980 posita
640 944 690 972 est
713 941 743 971 in
773 949 834 971 uno
858 942 974 971 ornatu
998 939 1204 977 elocutionis,
1235 941 1269 969 ut

200 998 239 1029 ad
263 1007 363 1037 genus
395 997 530 1028 sublime
561 1000 593 1028 et
617 997 657 1027 ad
691 997 840 1027 virtutem
864 998 1005 1034 ornatus,
1038 1004 1118 1034 quae
1142 994 1269 1034 quidem

200 1058 249 1085 est
265 1054 295 1085 in
313 1051 427 1094 ἐκλογῇ
451 1048 631 1092 ὀνομάτων,
656 1051 848 1083 illustranda
864 1060 996 1091 prorsus
1013 1051 1122 1082 eadem
1146 1050 1270 1090 possint

201 1109 354 1141 adhiberi.
412 1109 589 1140 Discrimen
621 1109 720 1148 igitur
752 1108 916 1148 princeps,
950 1107 1034 1147 quod
1065 1108 1153 1137 extat
1186 1106 1270 1136 inter

201 1175 319 1205 genera
350 1175 424 1196 vera
456 1168 488 1196 et
528 1165 616 1196 ideas
648 1165 774 1195 omnino
806 1174 867 1195 non
900 1164 930 1194 in
964 1172 1073 1194 eorum
1105 1162 1184 1201 ipsis
1214 1170 1270 1192 na-

204 1221 285 1253 turis
317 1221 456 1261 positum
480 1223 544 1258 est,
580 1221 636 1251 sed
670 1220 699 1251 in
734 1219 842 1251 usibus
865 1219 1016 1257 diversis,
1047 1219 1087 1249 ad
1111 1227 1190 1258 quos
1214 1217 1271 1248 ad-

203 1277 359 1308 hibentur.
406 1276 442 1307 In
475 1285 574 1317 genus
606 1276 687 1307 enim
720 1275 847 1315 aliquod
879 1274 1103 1306 adscribuntur
1131 1273 1271 1305 auctoris

204 1333 337 1364 alicuius
360 1333 479 1372 scripta
502 1333 650 1363 universa
675 1332 725 1370 (ut
748 1331 941 1371 Thucydidis
964 1330 1100 1362 elocutio
1124 1330 1272 1360 universa

205 1389 313 1427 generi
336 1388 475 1427 sublimi)
507 1391 563 1419 aut
594 1388 747 1427 seriptum
780 1387 940 1427 singulare
973 1389 1029 1417 aut
1061 1385 1174 1424 scripti
1197 1394 1272 1424 pars

205 1444 352 1475 continua
375 1447 407 1475 et
438 1444 573 1483 amplior
596 1444 647 1483 (ut
670 1442 894 1474 Demosthenis
918 1443 1079 1473 orationes
1103 1441 1273 1480 Dionysius

205 1500 252 1531 De
277 1499 436 1531 Demosth.
462 1500 490 1531 9.
518 1499 565 1530 13.
593 1499 631 1529 14
655 1499 685 1529 in
710 1498 834 1538 singula
857 1507 974 1538 genera
1002 1497 1190 1536 distribuit).
1237 1497 1272 1527 In

206 1556 294 1587 ideas
319 1559 425 1587 autem
448 1565 510 1586 non
533 1555 634 1586 solum
660 1554 737 1585 talia
761 1554 899 1585 adscribi
926 1556 1072 1593 possunt7
1097 1554 1153 1584 sed
1177 1553 1273 1584 etiam

207 1615 316 1651 partes
339 1611 570 1642 minutissimae
601 1614 634 1641 ut
665 1610 835 1642 enunciata
866 1610 1057 1649 singularia,
1090 1609 1187 1640 verba
1209 1608 1274 1640 sin—

208 1667 340 1708 gularia,
373 1667 496 1699 similia.
543 1667 612 1698 Hac
645 1676 769 1706 qnoque
799 1666 829 1697 in
864 1676 897 1697 re
928 1676 1046 1705 genera
1069 1664 1276 1696 Demetriana

208 1733 226 1754 a
250 1723 499 1763 Theophrasteis
515 1723 709 1762 discrepant,
733 1731 803 1753 cum
828 1722 907 1753 ideis
923 1721 1052 1752 faciunt.
1099 1721 1191 1758 Quod
1215 1720 1275 1751 nisi

208 1779 254 1810 ita
285 1782 378 1817 esset,
403 1779 595 1818 Demetrius,
627 1781 663 1809 ut
687 1777 830 1817 exemplo
854 1781 943 1815 utar,
967 1777 1187 1816 Xenophontis
1210 1776 1275 1807 elo-

209 1835 366 1866 cutionem
390 1834 420 1865 111
444 1844 541 1866 unum
565 1843 664 1874 genus
688 1836 854 1865 venustum
877 1833 1120 1872 adscripsisset3
1144 1842 1178 1863 re
1201 1841 1276 1863 vera

209 1893 325 1929 autem,
349 1893 384 1921 ut
399 1891 440 1921 ad
455 1900 555 1930 genus
572 1893 741 1921 venustum
759 1889 982 1920 illustrandum
1000 1888 1175 1928 permultos
1191 1888 1278 1919 locos

210 1956 249 1978 ex
273 1947 341 1977 eius
364 1946 492 1985 scriptis
515 1946 635 1985 petitos
659 1945 798 1983 adhibet,
822 1945 867 1976 ita
891 1944 1057 1976 nonnullos
1081 1945 1122 1975 ad
1146 1943 1278 1975 sublime

210 2004 262 2041 (ἕξ
279 2001 328 2033 84.
352 2001 404 2033 98.
431 2001 499 2033 103.
527 2002 601 2041 104)
626 2004 658 2032 et
689 2002 729 2032 ad
753 2000 922 2033 vehemens
952 2000 1053 2040 (131).
1100 2001 1180 2032 Item
1211 1999 1277 2031 Ho-

211 2068 331 2090 merum
356 2058 465 2089 laudat
489 2058 519 2088 in
544 2057 712 2097 generibus
736 2057 862 2088 sublimi
880 2056 1016 2097 (saepe),
1039 2060 1173 2088 venusto
1189 2056 1276 2096 (129.
