1525 2530
663 256 700 260 ,.
746 239 779 268 »η
831 256 870 260 —

746 262 762 269 .a

237 325 368 364 toribus,
393 325 446 365 qui
473 325 533 356 tria
557 334 672 364 genera
704 328 930 363 tractaverunt,
962 324 1101 355 nonnulli
1125 325 1297 355 docuerunt

237 381 290 412 nni
314 381 427 421 cuique
450 381 557 421 generi
583 380 738 420 probabili
762 385 912 419 aguntum
937 390 1006 412 esse
1029 390 1128 419 genus
1153 380 1300 411 vitiosum

235 437 286 474 (ut
317 436 503 469 Cornificius
527 436 579 475 IV,
598 440 642 467 15.
672 439 725 475 16;
758 436 867 468 Cicero
901 439 934 468 et
968 436 1137 476 Dionysius
1169 436 1208 467 de
1242 435 1301 466 hac

236 502 270 524 re
293 491 411 531 silent).
461 492 528 524 1100
552 496 655 523 utrum
677 492 916 532 Theophrastus
940 493 1001 523 iam
1025 492 1170 523 docuerit
1193 500 1300 530 necne,

236 548 384 580 nescitur.

321 604 509 635 Addendum
542 607 591 635 est
621 604 798 635 doctrinam
832 603 1120 642 'l'lieophrusteam,
1153 606 1189 633 ut
1219 603 1301 634 inter

235 670 343 692 omnes
376 661 417 691 ad
446 670 563 699 genera
593 660 719 692 dicendi
751 660 946 699 pertinentes
977 659 1198 698 antiquissima
1231 658 1300 696 fuit,

235 716 280 747 ita
304 725 340 747 ex
357 715 502 747 omnibus
519 725 612 747 unam
638 721 672 747 ut
690 716 815 747 videtur
831 715 1048 755 pervulgatam
1074 724 1161 751 esse;
1183 715 1300 754 itaque,

235 774 405 811 postquam
439 771 519 804 aliae
552 782 571 803 a
603 771 781 803 rhetoribus
815 771 1011 811 excogitatae
1035 774 1063 802 et
1099 770 1183 801 foras
1206 770 1301 801 datae

235 831 319 866 suut,
352 827 383 858 in
410 836 467 858 usu
492 829 610 859 versari
635 838 695 859 non
720 827 825 863 desiit,
858 827 914 858 sed
938 827 1034 858 etiam
1058 836 1115 866 per
1138 826 1301 865 complura

235 886 306 923 post
330 882 403 915 Chr.
427 893 455 914 n.
480 883 608 915 saecula
631 883 716 923 apud
747 882 862 914 multos
892 882 1006 921 valuit,
1041 882 1078 914 cf.
1104 882 1194 913 Liers
1226 881 1299 913 Stil-

235 943 325 971 arten
350 949 379 979 p.
397 938 466 970 704.

320 1051 338 1091 ξ
361 1051 389 1081 9.
436 1051 504 1089 Age
528 1050 607 1081 hanc
631 1050 807 1081 doctrinam
831 1047 1299 1088 Theop]irasto-Dionysianani

235 1117 305 1139 cum
336 1106 543 1138 Demetriana
573 1115 801 1145 comparemus.
856 1105 893 1136 ld
927 1105 979 1144 qui
1011 1104 1115 1135 adhuc
1149 1103 1300 1142 fecerunt,

236 1172 346 1203 parum
370 1165 518 1194 accurate
542 1171 606 1193 rem
624 1164 849 1193 tractaverunt.
897 1160 941 1193 Ut
964 1161 1046 1192 enim
1068 1163 1153 1192 recte
1178 1159 1300 1191 intelle-

234 1229 346 1259 gamus
377 1228 457 1259 quae
491 1219 556 1250 sint
578 1218 762 1249 discrimina
794 1218 876 1248 inter
899 1216 970 1248 illas
994 1217 1168 1254 doctrinas,
1198 1216 1300 1255 inqui-

236 1276 366 1307 rendum
391 1278 439 1306 est
469 1283 550 1314 quae
582 1274 624 1305 sit
647 1274 811 1313 utriusque
845 1273 941 1311 rati03
976 1272 1061 1312 quod
1084 1281 1175 1304 nemo
1198 1271 1301 1303 adhuc

235 1331 318 1363 fecit.
366 1330 434 1362 Hoc
459 1333 564 1362 autem
589 1339 626 1361 eo
650 1330 742 1360 modo
766 1328 914 1360 facillime
932 1337 1168 1368 cognoscemus,
1192 1331 1228 1359 ut
1251 1338 1300 1359 re-

234 1386 407 1426 spiciamus
437 1395 476 1418 ea
509 1395 589 1426 quae
620 1386 766 1416 rhetores
796 1385 836 1416 de
868 1384 1055 1416 elocutionis
1088 1379 1221 1423 ἀρεταῖς
1251 1383 1300 1415 vel

234 1440 338 1479 ἰδέαις
361 1443 546 1474 docuerunt.
594 1442 664 1479 Qua
687 1441 725 1473 de
749 1450 783 1472 re
807 1440 946 1472 breviter
969 1449 1051 1471 nunc
1075 1449 1244 1479 exponam,
1268 1439 1299 1470 in

235 1499 412 1530 universum
436 1498 593 1530 Liersium
618 1500 764 1536 secutus,
797 1497 850 1537 qui
880 1497 912 1528 in
945 1506 1012 1527 eam
1037 1495 1301 1527 commentatione

234 1555 284 1586 cui
318 1554 482 1594 inscripsit
515 1554 600 1594 „Zur
630 1553 820 1585 Geschichte
852 1554 908 1584 der
938 1552 1156 1584 rhetorischen
1187 1551 1299 1582 Ideen-

233 1610 340 1643 lehre“
376 1610 586 1649 (Fleckeiseni
617 1609 729 1641 Annal.
754 1608 860 1649 philol.
895 1608 954 1639 vol.
981 1608 1038 1639 131
1065 1618 1093 1647 p.
1110 1608 1171 1639 577
1197 1608 1299 1648 seqq.)

234 1667 354 1706 primus
377 1666 558 1698 accuratius
589 1670 621 1697 et
644 1666 764 1705 optimo
795 1674 865 1696 eum
888 1663 993 1696 fructu
1023 1664 1196 1704 inquisivit,
1229 1673 1298 1695 cum

234 1726 328 1754 antea
351 1723 442 1755 ideae
470 1731 510 1754 ne
539 1726 625 1754 recte
648 1722 904 1753 discernerentur
934 1721 1060 1761 quidem
1084 1729 1103 1751 a
1132 1719 1300 1760 generibus

234 1778 368 1811 dicendi.

321 1834 369 1866 Ab
392 1833 567 1866 Aristotele
601 1834 633 1865 in
657 1832 750 1865 ubet.
774 1832 821 1864 III
852 1832 911 1864 hae
943 1833 1078 1863 virtutes
1110 1831 1299 1863 elocutionis

235 1893 430 1923 tractantur:
454 1887 638 1931 ἑλληνίζειν,
671 1899 732 1929 quo
756 1889 880 1920 nomine
911 1892 943 1920 et
966 1888 1090 1927 puritas
1120 1891 1152 1919 et
1175 1887 1298 1927 perspi-

235 1946 339 1978 cuitas
362 1947 516 1978 sermonis
540 1945 860 1986 comprehenduntur,
892 1954 916 1976 c.
940 1943 977 1983 5,
1008 1940 1103 1983 ὄγκος
1132 1946 1163 1974 et
1186 1952 1298 1973 συντο-

235 1999 304 2042 μία,
329 2011 353 2034 c.
377 2002 412 2041 ὃς
443 2001 481 2033 τὸ
505 1999 644 2043 πρέπον,
675 2011 737 2041 quo
761 2000 1072 2040 comprehenduntur
1102 1997 1139 2029 τὸ
1174 1995 1297 2039 ἠθικὸν,

235 2057 272 2090 τὸ
295 2056 490 2100 παθητικὸν,
515 2056 552 2089 τὸ
576 2059 647 2094 τοῖς
672 2054 899 2097 ὑποκειμένοις
923 2053 1113 2097 πράγμασιν
1129 2050 1296 2095 ἀνάλογον,

1354 1468 1508 1502 035'1197

1350 1504 1510 1541 1321956

1352 1547 1406 1575 ‚33
1433 1541 1515 1571 16’95‘

1354 1582 1413 1611 ,ιι
1434 1574 1510 1608 1577?

1355 1615 1408 1646 ις’
1437 1614 1516 1648 (1395
