1525 2530
638 238 827 270 -6-

203 327 366 355 venustam
390 323 499 361 affert,
533 333 614 356 unus
646 333 663 355 e
686 323 881 356 Dicaearcho
913 323 1034 363 petitus
1066 327 1126 362 est,
1159 326 1226 355 tres
1248 332 1266 354 e

204 379 342 411 Platone.
401 379 569 420 Dionysius
601 383 706 411 autem
740 378 787 411 De
809 388 908 419 comp.
934 378 1018 410 verb.
1042 379 1083 410 23
1114 388 1144 418 p.
1163 377 1233 417 173,
1248 381 1261 408 1

202 435 428 475 compositione
444 438 577 467 venusta
600 435 656 467 hos
673 438 820 467 auctores
835 435 955 475 optime
972 443 1046 466 usos
1069 443 1140 466 esse
1155 434 1265 466 docet:

205 491 395 528 Hesiodum
419 490 556 531 Sappho,
573 492 814 529 Anacreontem‚
830 489 1040 528 Simonidem
1068 487 1266 529 Euripidem3

203 545 411 588 σιγγραφέων
434 542 461 577 δ’
485 542 628 588 ἀκριβῶς
650 544 710 586 μὲν
733 542 856 585 οὐδένα,
886 545 1012 586 μᾶλλον
1034 544 1070 577 δὲ
1092 545 1157 576 τῶν
1181 544 1266 576 πολ-

203 602 266 633 λῶν
290 601 451 642 Ephorum
475 606 508 634 et
531 601 788 642 Theopompum3
820 601 1002 634 Isocratem.
1049 601 1122 633 Alia
1144 609 1268 641 quoque

205 658 327 689 ratione
357 658 440 689 idem
473 658 686 690 demonstrari
719 661 833 697 potest.
859 657 1038 690 Demetrius
1061 658 1080 697 ξ
1099 656 1158 689 183
1190 656 1269 688 haec

204 714 282 745 dicit
305 710 468 752 ,,Πλοὶτων
490 712 597 754 μέντοι
634 711 668 744 ἐν
690 712 829 750 πολλοῖς
859 708 946 755 αὐτῷ
974 713 1020 754 τῷ
1050 711 1168 754 ῥυθμῷ
1191 711 1268 752 γλα-

204 767 304 811 φιρός
328 767 416 800 ἐστιν
439 767 639 810 ἐκτεταμένῳ
672 780 744 806 πως
766 767 822 799 καὶ
853 764 925 799 οὔτε
948 765 1045 810 ἕδραν
1068 764 1174 806 ἔχοντι
1197 764 1267 799 otiu

203 826 333 867 μῆκος.“
378 824 547 863 (Periodus
570 825 619 857 vel
642 825 775 857 incisum
800 822 896 865 ἕδραν
919 824 1047 863 habent,
1070 823 1098 856 si
1121 824 1152 855 in
1176 826 1270 864 parte

205 885 366 921 postrema
381 881 550 912 nonnullae
565 880 707 921 syllabae
730 880 842 920 longae
857 881 991 920 extant.)
1035 879 1093 912 His
1110 879 1271 911 contraria

204 941 279 968 sunt
310 946 391 976 quae
415 937 585 977 Dionysius
617 937 657 968 de
686 937 912 976 compositione
944 939 1078 968 venusta
1108 936 1199 968 docet
1221 935 1271 967 De

206 992 368 1024 Demosth.
402 993 444 1024 40
474 1002 504 1033 p.
523 993 643 1031 1078,7
678 989 746 1031 „gu
780 993 843 1023 τιῦν
877 991 1012 1033 ῥυθμῶν
1041 988 1088 1028 εἰς
1118 985 1158 1028 ἃς
1188 989 1270 1033 (512²)

204 1044 440 1079 ἀποστέλλεται
474 1046 647 1089 περιόδους
677 1043 713 1079 οἰ·
745 1046 820 1085 τοὺς
851 1043 1089 1088 ἀξιωματικοὺς
1119 1045 1270 1086 βούλεται

206 1101 390 1144 λαμβάνειν,
412 1100 496 1135 ἀλλὰ
518 1103 593 1141 τούς
614 1101 864 1146 χαριεστάτοις·
887 1099 1059 1144 εὐκόρυφοι
1082 1101 1119 1144 δὴ
1136 1099 1268 1143 φαίνον-

207 1171 257 1190 ται
290 1158 345 1191 καὶ
374 1156 549 1201 εἶ”γραμμοι
583 1159 638 1190 διὰ
668 1161 762 1190 τοῖτο
792 1157 847 1190 καὶ
869 1156 916 1196 εἰς
947 1156 1074 1199 ἕδραν
1103 1153 1271 1199 ἀσφαλῗ

206 1215 407 1247 τελευτῶσιέ*
464 1217 510 1247 De
533 1225 631 1256 comp.
656 1215 705 1247 vb.
730 1215 772 1247 23
795 1224 825 1255 p.
846 1214 946 1254 1724
979 1212 1055 1253 „nal
1083 1213 1148 1245 τῶν
1178 1224 1271 1254 περι-

207 1270 291 1302 όδων
307 1271 365 1309 τὰς
381 1269 530 1309 τελευτὰς
545 1267 727 1312 εὖρύθμοις
741 1266 823 1302 εἶναι
841 1267 993 1311 βούλεται
1012 1268 1068 1301 καὶ
1089 1267 1270 1311 βεβηκυίας,

207 1325 252 1365 ὡς
275 1323 343 1358 ἀπὸ
358 1324 519 1368 στάθμης,
542 1323 696 1358 τάναντία
713 1325 855 1358 nomina
878 1324 912 1357 ἐν
933 1327 1007 1363 ταῖς
1030 1323 1150 1357 τούτων
1171 1322 1271 1367 ἁρμο-

207 1385 281 1424 γαῖς
311 1380 327 1425 i]
359 1384 432 1420 ταῖς
460 1383 524 1414 τῶν
556 1379 734 1423 ὀνομάτων.
767 1381 875 1413 ἐκεῖνα
905 1380 964 1422 μέν
994 1380 1054 1422 γὰρ
1078 1379 1272 1422 συναλείφει,

207 1437 326 1476 ταύτας
355 1438 391 1470 δὲ
421 1436 563 1480 διΐστησι
603 1437 657 1469 καὶ
693 1436 805 1478 ὥσπερ
840 1436 876 1469 ὲκ
909 1435 1091 1479 περιόπτου
1121 1434 1269 1477 βούλεται

208 1493 350 1536 φανερὰς
371 1489 486 1525 εἶναι.“
531 1493 594 1533 (To
617 1491 754 1535 βεβηκός
777 1492 843 1526 fere
858 1493 940 1525 idem
957 1499 1008 1525 est
1022 1497 1119 1533 atque
1144 1489 1153 1523 ἱ
1183 1489 1271 1533 ἕδρα,

209 1549 246 1582 cf.
271 1550 498 1590 Hermogenem
522 1549 580 1581 Rh.
605 1549 659 1582 Gr.
684 1549 738 1589 Sp.
761 1549 793 1580 II
816 1559 846 1589 p.
863 1548 936 1588 296,
953 1549 1078 1588 1-15.)

297 1607 439 1646 Apparet
468 1606 567 1646 igitur
589 1605 742 1637 Demetrii
773 1605 1031 1645 compositionem
1064 1607 1228 1636 venustam
1252 1612 1272 1634 a

209 1661 403 1701 Dionysiana
434 1670 565 1701 prorsus
588 1661 746 1693 diversam
777 1670 855 1692 esse.
899 1660 986 1692 Inest
1018 1665 1124 1691 autem
1154 1659 1210 1691 illa
1239 1659 1271 1690 in

210 1717 353 1757 Dionysii
376 1717 602 1757 compositione
634 1717 740 1749 media
762 1716 810 1749 vel
834 1717 950 1755 mixta3
981 1725 1074 1756 quam
1100 1715 1270 1756 Dionysius

297 1847 326 1885 2)
351 1847 398 1876 Sic
414 1847 600 1875 scribendum
618 1856 722 1875 censeo
746 1856 798 1884 pro
822 1856 856 1874 eo
880 1846 958 1885 quod
976 1845 1101 1874 traditur
1123 1843 1190 1881 „s'ni
1214 1845 1273 1873 τῶν

211 1898 345 1935 ῥυθμῶν.
379 1897 419 1931 εἰς
442 1893 479 1931 ἃς
509 1895 568 1926 δὲ.“
612 1897 740 1935 Sylburg
774 1897 899 1926 coniecit
929 1900 997 1935 post
1026 1892 1187 1933 λαμβάνειν
1210 1905 1272 1925 esse

211 1950 374 1978 addendum
399 1945 552 1986 ῥυθμοῦς;
588 1948 697 1978 Reiske
726 1958 779 1986 pro
803 1946 851 1977 ἐπὶ
875 1948 1060 1977 scribendum
1085 1957 1148 1976 esse
1171 1945 1272 1986 ἓρωτι;

211 2001 247 2030 Κ,
271 2001 317 2030 W.
341 2001 472 2037 Kriiger‚
504 2001 579 2029 Krit.
604 1999 770 2029 Analekten
795 2000 810 2028 1
832 2009 860 2037 p.
881 2001 937 2028 137
971 2000 1012 2028 sic
1043 1999 1160 2036 scripsit
1188 1997 1272 2034 „gnei

212 2053 269 2080 τῶν
293 2051 419 2090 ῥυθμῶν
443 2049 484 2086 εἰς
506 2048 559 2085 οὓς
582 2050 619 2089 δή
641 2046 845 2080 ἀποστέλλεται
869 2047 943 2091 (τοὶς)
968 2047 1156 2089 περιόδους“.
