1525 2530
549 0 1525 64 ffl—-w

288 365 356 396 130.
384 364 467 404 133),
499 363 676 396 vehementi
701 364 786 403 (255.
813 363 875 396 130
896 363 934 396 cf.
960 363 1054 404 262);
1085 364 1283 398 Herodotum
1316 367 1347 398 in

286 421 408 452 sublimi
434 420 498 459 (44.
523 419 578 459 66)
602 424 634 451 ot
668 424 801 452 venusto
823 420 934 459 (181);
967 420 1130 452 Platonem
1161 421 1190 453 in
1223 421 1348 454 sublimi

285 476 349 511 (51.
366 477 432 515 56),
456 479 589 507 venusto
606 476 816 514 (181—185),
839 476 927 507 tenui
945 475 1047 516 (205),
1070 476 1245 509 vehementi
1262 476 1348 517 (266.

285 532 356 563 288.
373 532 444 563 290.
460 531 555 570 297);
580 531 707 571 Lysiam
731 531 762 562 in
780 531 866 563 tenui
882 531 974 571 (190)
997 535 1030 563 et
1052 531 1229 564 vehementi
1247 532 1348 572 (262).

286 588 362 619 Cum
395 587 444 619 his
476 586 582 618 confer
609 596 690 627 quae
712 586 749 626 §S
774 587 824 618 315,
849 586 889 617 37
914 587 1094 619 Demetrius
1125 588 1165 619 de
1198 588 1348 619 mixtione

285 652 435 681 generum
460 643 603 682 exp011it;
637 643 676 674 de
700 642 813 682 quibus
844 643 905 674 iam
930 643 1107 674 Volkmann
1139 652 1168 682 p.
1185 642 1248 674 539
1271 642 1348 674 haec

285 700 376 730 docet
404 698 522 739 „hiel-in
542 721 644 730 .....
670 697 774 730 lassen
809 698 874 730 sich
899 698 1061 730 unsehwer
1084 698 1135 730 die
1158 698 1268 730 Keime
1291 698 1348 730 der

286 754 470 786 Ideenlehre
493 754 550 786 der
580 757 708 793 spatern
733 752 900 793 Sophisten
925 754 1114 786 erkennen“.
1160 754 1243 792 Quin
1275 763 1348 786 nus-

286 820 377 850 quam
404 810 582 841 Demetrius
606 809 701 841 ullius
725 810 863 841 auctoris
880 809 1087 842 elocutionem
1112 810 1143 841 in
1167 819 1267 850 genus
1283 810 1347 841 sin-

284 866 394 906 gulare
417 865 578 897 adscribit.

371 921 548 953 Geueribus
572 924 677 952 autem
701 921 784 952 veris
806 921 1002 963 χαρακτῆρες
1018 921 1215 953 Demetriani
1238 921 1268 953 in
1286 921 1346 953 hac

286 987 346 1008 una
378 987 411 1009 rc
442 977 560 1008 similes
594 980 679 1016 sunt,
711 977 795 1016 quod
828 977 1010 1009 Demetrius
1041 980 1193 1018 quattuor
1224 979 1346 1009 tantum

285 1032 403 1064 fomias
436 1033 561 1064 dicendi
594 1031 785 1072 principales
816 1032 964 1072 instituit,
994 1042 1127 1073 quarum
1161 1031 1219 1064 sub
1252 1041 1346 1064 unam

284 1098 440 1128 quamque
473 1091 593 1120 certum
624 1089 781 1128 quoddam
818 1097 918 1128 genus
949 1092 1113 1120 auctorum
1137 1089 1232 1128 cadit,
1264 1089 1347 1128 quod

285 1148 459 1176 ceterarum
491 1145 516 1175 si
541 1154 601 1175 nou
626 1153 749 1184 expers,
783 1146 818 1176 at
849 1147 934 1176 corte
956 1144 1060 1175 miuus
1090 1147 1139 1175 est
1170 1144 1348 1184 particeps;

286 1197 494 1242 πιθανότητα
527 1204 632 1231 autem
665 1204 698 1232 et
720 1197 885 1241 ἐνάργειαν
915 1209 977 1231 non
1001 1200 1141 1240 quintam
1172 1204 1204 1231 et
1226 1202 1347 1231 sextam

285 1256 418 1294 addidit,
441 1257 497 1287 sed
522 1253 680 1297 ἰσχνότητι
705 1255 848 1287 subiecit.
