1525 2530
674 238 883 271 -12-

247 324 402 366 1›ulchris;
426 325 542 357 deinde
564 325 601 364 ἕξ
621 324 796 362 176-178,
818 333 900 364 quae
921 327 997 356 sunt
1019 324 1058 356 de
1081 323 1120 356 iis
1141 322 1308 363 generibus

248 390 356 413 vocum
380 390 461 420 quae
492 380 561 412 soni
585 379 774 412 differentiis
806 379 895 411 fiunt.
940 379 1017 412 Illas
1040 389 1057 411 e
1078 378 1310 419 Theophrasto,

248 437 305 468 has
329 446 346 468 e
369 436 498 476 scriptis
522 435 711 468 musicorum
735 444 770 467 se
798 435 943 467 hausisse
966 434 1147 467 Demetrius
1170 434 1240 474 ipse
1262 434 1309 466 in-

247 493 342 525 dicat.
389 491 542 524 Neutrum
567 496 663 531 caput
686 491 770 523 iusto
793 491 861 523 loco
883 491 1021 532 positum
1045 494 1110 529 est3
1141 493 1309 530 utrumque

247 558 316 580 cum
340 548 379 588 §.S
398 548 564 580 142—145
596 547 702 587 potius
733 547 983 587 coniungendum
1015 551 1093 579 erat.
1140 545 1310 578 Praeterea

246 613 327 644 quae
351 604 381 635 in
405 604 583 644 posteriore
606 603 710 643 capite
733 603 773 635 de
788 602 957 643 generibus
980 611 1090 635 vocum
1107 602 1310 634 disseruntur

247 660 466 700 coniungenda
481 663 572 691 erant
595 668 664 691 cum
687 658 728 690 iis
743 668 824 699 quae
846 659 878 690 in
898 658 1003 699 priore
1027 659 1066 690 de
1082 657 1210 690 vocibus
1233 666 1310 690 sono

248 716 388 756 pulchris
421 716 580 748 dicuntur.
634 715 786 747 Videmus
817 714 916 755 igitur
946 713 1151 753 Demetrium,
1183 721 1264 753 quae
1293 721 1311 744 e

247 772 382 804 diversis
398 770 540 803 fontibus
555 771 709 810 hauserit,
732 774 882 810 separata
898 770 929 802 in
953 769 1059 802 libello
1075 779 1132 802 suo
1156 768 1311 809 posuisse,

247 837 316 859 cum
333 827 492 859 sententia
514 836 552 859 ac
567 826 736 867 dispositio
758 829 925 866 poscerent
947 830 984 858 ut
1005 835 1043 858 ea
1068 825 1099 857 in
1116 833 1211 857 unum
1227 833 1310 856 com-

247 883 465 915 miscerentur.

331 996 349 1034 ξ
371 995 402 1026 4.
447 994 513 1026 Iam
530 994 571 1026 ad
595 1003 632 1026 ea
648 998 846 1034 argumenta,
868 1002 948 1033 quae
964 1002 981 1024 e
997 992 1142 1024 doctrina
1156 990 1310 1023 Demetrii

248 1050 350 1090 petita
381 1054 464 1088 sunt,
498 1049 666 1082 refutanda
697 1050 893 1082 accedamus.
940 1049 985 1080 Ac
1015 1048 1152 1088 primum
1183 1047 1309 1087 quidem

248 1107 337 1138 Liers
372 1106 506 1138 Dissert.
530 1115 560 1146 p.
585 1105 614 1144 8,
648 1105 801 1137 Stilarten
835 1115 865 1145 p.
882 1104 945 1137 695
968 1113 1032 1144 seq.
1063 1103 1124 1136 699
1156 1103 1216 1135 hoc
1245 1102 1312 1134 fere

248 1162 340 1193 modo
356 1161 503 1194 disserit:
527 1161 729 1201 „Demetrius
752 1161 783 1192 in
801 1159 979 1192 vehementi
1003 1168 1118 1200 genere
1134 1158 1190 1200 (τᾷ
1216 1157 1309 1200 decret*

244 1217 444 1260 χαροατῆρι),
479 1217 563 1257 quod
585 1217 755 1257 praecipue
778 1217 809 1248 in
833 1216 916 1248 veris
940 1214 1195 1248 contentionibus
1217 1209 1308 1256 (ἅλη-

248 1275 358 1311 .’)ινοῑς
381 1269 497 1314 ἀγῶσι)
521 1273 621 1305 locum
646 1272 752 1311 habet,
776 1275 922 1304 naturam
938 1270 1054 1310 valere,
1076 1270 1187 1303 obesse
1208 1273 1309 1302 artem

245 1329 347 1367 (locet,
371 1327 409 1360 cf.
427 1328 464 1368 ἓξ
481 1329 530 1361 27.
555 1328 626 1360 247.
650 1328 721 1360 250.
746 1327 817 1360 274.
863 1327 931 1366 Qua
954 1327 985 1358 in
1009 1336 1043 1358 re
1066 1326 1224 1359 consentit
1239 1335 1308 1359 cum

247 1384 468 1416 Alcidamante
490 1388 522 1416 et
546 1383 728 1423 Aristotele,
751 1384 804 1423 qui
828 1383 910 1415 idem
935 1383 1049 1415 docent
1072 1383 1111 1415 de
1133 1382 1310 1414 elocutione

246 1449 354 1472 earum
378 1440 566 1479 orationum,
588 1449 670 1480 quae
693 1439 852 1478 dicuntur,
883 1448 943 1470 non
967 1438 1150 1471 scribuntur
1173 1441 1308 1478 tantum,

247 1495 284 1528 cs.
311 1495 412 1527 Alcid.
443 1494 519 1536 περὶ
556 1494 723 1537 σοφιστιῖν
755 1497 774 1534 ξ
801 1495 858 1533 13,
889 1495 1023 1526 Aristot.
1054 1493 1146 1526 Rhet.
1177 1493 1235 1532 111,
1261 1494 1309 1531 12,

246 1551 415 1591 praecipue
437 1561 468 1591 p.
485 1551 566 1583 1413
582 1551 599 1582 b
624 1555 652 1582 9.
680 1551 791 1582 1414a
816 1554 918 1580 8-16
932 1551 979 1589 ῖ);
1010 1549 1174 1589 discrepat
1195 1558 1215 1580 a
1238 1548 1308 1580 rhe-

247 1607 369 1639 toribus
392 1607 579 1647 posterioris
603 1606 730 1646 aetatis,
753 1606 806 1646 qui
831 1605 926 1638 etiam
951 1605 1034 1638 veris
1054 1604 1309 1637 contentionibus

333 1746 363 1781 7)
395 1745 478 1774 Liers
517 1750 669 1783 praeterea
710 1744 810 1773 laudnt
848 1754 871 1773 o.
903 1744 919 1772 7
953 1753 981 1781 p.
1008 1744 1182 1780 1408b11‚
1220 1752 1243 1771 e.
1270 1744 1305 1771 11

247 1807 275 1835 p.
296 1800 401 1825 141312
418 1806 457 1828 29.
503 1797 544 1825 Hi
574 1801 671 1825 autem
703 1795 758 1824 loci
785 1795 858 1823 nihil
888 1794 1005 1830 valent3
1038 1803 1134 1833 neque
1157 1793 1235 1822 enim
1258 1793 1309 1822 ille

247 1849 282 1877 ad
305 1858 353 1877 eas
369 1857 445 1887 quae
468 1849 606 1877 dicuutur
622 1847 771 1876 orationes
794 1846 870 1875 soles
893 1849 1007 1882 spectat
1023 1845 1106 1884 (quin
1132 1845 1203 1873 illud
1220 1840 1306 1882 οὐρα-

247 1895 372 1936 νόμηκες
403 1900 481 1937 quod
512 1899 552 1927 ibi
586 1900 707 1927 affertur
738 1898 857 1927 videtur
888 1907 925 1926 ex
956 1897 1096 1926 Isocratis
1128 1906 1168 1925 or.
1195 1898 1241 1932 15,
1260 1906 1306 1928 134

247 1950 370 1987 petitum
395 1951 470 1988 esse)
494 1955 523 1980 et
553 1951 583 1978 in
606 1951 663 1979 hoe
686 1959 761 1988 quae
784 1949 875 1978 verbe
903 1948 965 1977 sola
988 1947 1119 1976 indicant
1142 1948 1177 1975 de
1201 1947 1308 1976 oratio-

247 2001 333 2029 nibus
356 2001 396 2030 ibi
421 2002 467 2038 agi
491 2001 636 2039 „2905th
660 1998 691 2029 δὲ
707 1997 830 2036 μάλιστα
854 1995 947 2039 τούτῳ
971 1997 1002 2028 οἱ
1013 1994 1139 2027 Ἀττικοὶ
1154 1994 1308 2036 ῥήτορες“,

248 2063 280 2081 ea
304 2054 340 2081 ub
363 2052 573 2091 interpolatore
597 2052 722 2093 quodum
747 2051 892 2081 inculcata
914 2061 977 2080 esse
1000 2050 1062 2080 veri
1086 2049 1180 2079 simile
1204 2054 1256 2080 est.
